3013 5114
668 415 765 471 nn
806 414 1150 484 LOQUELA
1192 417 1640 476 Anemonem
1684 421 1830 477 CUM
1870 407 2163 480 ΗΟΜΙΝΕ.
2335 439 2440 490 133

333 574 520 636 Coelo
557 583 728 634 sunt:
795 577 1079 636 interiora
1117 579 1273 637 enim
1319 585 1382 638 et
1431 581 1731 639 exteriora
1776 580 2031 644 hominis
2083 585 2228 645 talia
2277 596 2436 663 sunt,

328 683 399 735 ut
435 675 536 736 vel
572 693 865 735 conversa
901 679 1020 736 sint
1055 679 1133 736 ad
1169 680 1492 740 Dominum
1529 686 1595 739 ut
1632 681 1708 740 ad
1746 681 2030 745 Centrum
2065 703 2240 746 suum
2276 705 2441 749 com-

327 795 542 849 mune,
593 795 663 834 n:
712 779 872 848 124,
940 777 1041 836 vel
1084 780 1161 838 ad
1197 782 1492 857 seipsum,
1544 784 1629 840 ita
1663 789 1825 842 retro
1874 801 1912 842 a
1945 786 2230 864 Domin03
2284 806 2438 866 quae

329 877 410 936 ad
436 878 759 936 Dominum
795 896 1087 938 conversa
1122 888 1280 954 sunt,
1339 883 1520 940 etiam
1558 881 1636 940 ad
1677 883 1910 942 eoelum
1950 902 2242 948 conversa
2276 897 2433 965 sunt,

330 996 490 1056 quae
543 986 746 1038 autem
795 980 869 1060 ad
917 983 1217 1057 seipsum,
1281 984 1458 1042 etiam
1512 982 1588 1041 ad
1636 983 1950 1060 mundum3
2010 994 2071 1057 et
2118 1006 2272 1064 quae
2318 990 2437 1049 huc

328 1095 513 1139 versa
557 1086 727 1150 sunt,
793 1098 975 1158 aegre
1023 1081 1248 1140 elevari
1297 1089 1581 1160 possunt3
1644 1084 1956 1144 elevantur
1997 1093 2199 1149 tamen
2234 1107 2271 1149 a
2302 1089 2434 1151 Do-

330 1183 529 1256 mino,
597 1188 884 1256 quantum
933 1181 1063 1240 fieri
1106 1190 1349 1259 potest,
1399 1201 1511 1262 per
1564 1188 2012 1245 conversionem
2062 1193 2312 1266 amori8‚
2378 1197 2438 1250 et

326 1281 443 1341 hoc
480 1281 548 1340 fit
581 1298 691 1356 per
726 1300 874 1341 vera
915 1301 988 1341 ex
1022 1283 1247 1343 Verb0.

489 1384 651 1441 254.
724 1383 1086 1443 Informatus
1141 1401 1272 1443 sum
1328 1385 1624 1462 quomodo
1668 1388 1963 1448 Dominus
2010 1390 2295 1466 loquutus
2342 1400 2435 1451 est

330 1501 463 1545 eum
494 1482 838 1559 Prophetis,
885 1502 997 1561 per
1032 1502 1181 1560 quos
1208 1485 1504 1562 Verbum3
1557 1505 1674 1547 non
1709 1488 1994 1566 loquutus
2031 1497 2124 1551 est
2155 1509 2288 1552 cum
2317 1492 2435 1552 illis

318 1587 486 1646 'sicut
522 1601 656 1643 cum
693 1584 972 1662 Antiquis
1006 1603 1120 1662 per
1153 1586 1440 1647 influxum
1485 1591 1546 1646 in
1582 1590 1865 1665 interiora
1902 1608 2135 1668 eorum,
2181 1592 2291 1652 sed
2324 1611 2434 1670 per

329 1689 577 1763 spiritus
615 1687 717 1760 qui
751 1687 921 1744 missi
958 1693 1095 1744 sunt
1132 1687 1210 1745 ad
1244 1688 1412 1761 illos,
1474 1706 1624 1765 quos
1662 1690 1955 1755 Dominus
2002 1693 2275 1769 implevit
2321 1710 2432 1753 suo

327 1792 614 1863 aspectu,
687 1802 757 1844 ae
805 1788 891 1844 ita
942 1788 1259 1862 inspiravit
1303 1788 1493 1847 verba
1544 1807 1697 1865 quae
1746 1791 2062 1868 Prophetis
2114 1793 2433 1864 dictabant,

327 1890 415 1947 sie
467 1893 532 1945 ut
575 1904 693 1944 non
747 1884 912 1946 esset
961 1887 1257 1963 inflante,
1314 1889 1425 1948 sed
1462 1889 1790 1949 dictamenz
1863 1897 1924 1950 et
1960 1895 2100 1968 quia
2134 1893 2322 1952 verba
2358 1911 2434 1953 ex
2471 1915 2488 1924 ⁸

326 1989 583 2047 Domino
632 1988 969 2047 immediate
1009 1989 1475 2065 proveniebant,
1542 1988 1678 2049 ideo
1725 1988 1961 2067 singula
1998 1992 2247 2069 impleta
2296 1999 2434 2053 sunt

324 2089 578 2162 Divino,
636 2094 696 2147 et
746 2090 809 2146 in
859 2105 925 2148 se
973 2091 1279 2148 continent
1320 2106 1561 2148 sensum
1597 2093 1926 2168 internum,
1993 2095 2096 2170 qui
2135 2093 2271 2152 talis
2318 2098 2427 2170 est,

326 2196 394 2250 ut
430 2188 631 2266 angeli
673 2188 842 2248 Coeli
893 2192 1229 2266 percipiant
1262 2191 1366 2250 illa
1401 2194 1459 2250 in
1509 2191 1758 2251 coelesti
1794 2199 1855 2253 et
1888 2194 2189 2271 spirituali
2224 2211 2428 2270 sensu,

326 2309 460 2349 cum
500 2291 769 2349 homines
806 2293 865 2348 in
901 2290 1192 2368 naturali3
1257 2295 1344 2352 sie
1389 2293 1696 2370 conjunxit
1728 2294 2021 2354 Dominus
2067 2294 2315 2356 Coelum
2371 2303 2431 2356 et

324 2391 615 2451 Mundum
662 2408 773 2467 per
825 2391 1112 2451 Verbum.
1187 2392 1500 2468 Quomodo
1553 2392 1811 2470 Spiritus
1850 2394 2171 2472 implentur
2207 2396 2428 2455 Divino

326 2510 365 2552 a
400 2493 658 2551 Domino
694 2509 806 2568 per
835 2499 1175 2570 aspectum,
1217 2495 1393 2551 etiam
1425 2500 1731 2563 ostensum
1761 2500 1853 2553 est
1865 2514 1881 2571 ;
1932 2496 2176 2571 spiritus
2211 2496 2431 2572 imple-

242 2581 251 2588 ¹
323 2602 424 2653 tus
465 2594 685 2652 Divino
723 2610 760 2650 a
799 2594 1055 2652 Domino
1097 2612 1216 2652 non
1261 2594 1435 2652 aliter
1471 2595 1616 2664 seit,
1661 2611 1839 2670 quam
1887 2596 2045 2671 quod
2078 2596 2181 2655 ille
2215 2597 2427 2656 Domi-

325 2712 441 2753 nus
479 2697 575 2762 sit,
618 2700 678 2752 et
713 2695 870 2769 quod
906 2696 1189 2752 Divinum
1228 2695 1305 2751 sit
1341 2694 1500 2769 quod
1550 2693 1833 2770 loquitur,
1889 2702 1950 2754 et
1984 2696 2098 2755 hoe
2129 2713 2199 2755 eo
2236 2714 2430 2773 usque

325 2795 465 2854 dum
503 2795 819 2870 eloquutus
859 2802 982 2871 est3
1032 2802 1250 2870 postea
1282 2797 1626 2872 apper'eipit
1662 2801 1723 2854 et
1759 2798 2047 2872 agnoscit,
2105 2798 2265 2873 quod
2300 2800 2428 2875 spi-

321 2897 474 2955 ritus
518 2898 621 2968 sit,
694 2903 754 2954 et
793 2896 953 2972 quod
987 2897 1089 2956 ille
1136 2913 1253 2954 non
1290 2895 1575 2973 loquutus
1611 2898 1691 2955 sit
1742 2914 1779 2955 a
1829 2914 1896 2957 se
1934 2898 2045 2957 sed
2079 2916 2115 2957 a
2149 2898 2425 2957 Domino.

323 2997 483 3073 Quia
522 2996 658 3054 talis
709 3002 902 3056 status
941 2999 1054 3057 fuit
1099 2999 1444 3073 spirituum,
1513 2999 1616 3074 qui
1651 2997 1886 3073 loquuti
1930 3006 2070 3057 sunt
2104 3017 2236 3059 cum
2275 3000 2426 3058 Pro-

319 3098 553 3175 phetiS‚
609 3097 746 3155 ideo
785 3100 963 3156 etiarn
1009 3100 1084 3158 ab
1133 3098 1252 3158 illis
1302 3098 1549 3173 dicitur,
1616 3097 1776 3175 quod
1819 3100 2102 3159 Jehovah
2144 3101 2428 3177 loquutus

320 3201 416 3272 sit,
470 3200 647 3256 etiam
695 3199 814 3274 ipsi
849 3202 1094 3275 spiritus
1142 3215 1208 3258 se
1256 3198 1720 3275 appellaverunt
1770 3200 2099 3277 Jehovam‚
2164 3209 2230 3259 ut
2280 3218 2426 3260 con-

321 3306 484 3358 stare
535 3305 736 3374 potest
769 3317 888 3358 non
924 3300 1116 3359 solum
1148 3317 1183 3357 a
1216 3300 1595 3376 Propheticis
1632 3300 1740 3360 sed
1782 3303 1960 3360 etiam
2001 3319 2074 3359 ex
2109 3302 2426 3360 Historicis

317 3399 527 3460 Verbi.
2335 3419 2340 3422 ·

479 3501 643 3558 255.
712 3499 793 3561 Ut
835 3503 1062 3560 sciatur
1102 3501 1294 3577 qualis
1336 3501 1673 3578 conjunctio
1713 3502 2082 3578 Angelorum
2136 3511 2196 3561 et
2231 3498 2426 3577 Spiri-

316 3609 489 3660 tuum
539 3607 631 3659 est
669 3616 805 3660 eum
849 3602 1134 3675 Homine,
1190 3602 1332 3661 licet
1366 3601 1591 3660 referre
1628 3601 1829 3677 aliqua
1864 3607 2192 3661 memoratu
2230 3601 2425 3679 digna,

323 3711 393 3761 ex
437 3701 652 3777 quibus
695 3701 756 3759 id
804 3701 1092 3761 illustrari
1141 3710 1201 3762 et
1237 3700 1512 3761 concludi
1551 3708 1783 3776 potestz
1856 3702 2093 3779 quando
2131 3703 2331 3780 angeli
2368 3710 2429 3762 et

321 3804 571 3879 spiritus
626 3806 692 3861 s'e
737 3810 1092 3862 convertunt
1141 3802 1218 3861 ad
1259 3803 1592 3880 hominem,
1656 3807 1797 3861 tune
1849 3820 1967 3861 non
2015 3806 2214 3863 sciunt
2254 3796 2429 3864 aliter

322 3921 499 3979 quam
555 3903 715 3979 quod
764 3903 1017 3961 hominis
1067 3904 1272 3979 lingua
1309 3918 1421 3961 sua
1457 3904 1568 3975 sit,
1622 3908 1682 3960 et
1721 3904 1881 3979 quod
1932 3905 2052 3964 illis
2104 3922 2221 3965 non
2274 3905 2394 3964 alia
2410 3926 2426 3981 ;

320 4021 509 4062 eausa
556 4011 679 4077 est,
734 4006 875 4079 quia
912 4011 1054 4063 tunc
1092 4007 1151 4062 in
1189 4003 1442 4061 hominis
1479 4002 1684 4080 lingua
1717 4012 1890 4079 sunt',
1955 4011 2016 4065 et
2049 4024 2167 4065 non
2201 4010 2261 4065 in
2297 4024 2430 4076 sua,

319 4104 494 4181 cujus
530 4121 643 4163 nee
680 4104 1097 4183 recordantur3
1162 4111 1229 4163 ut
1274 4105 1532 4180 primum
1579 4111 1779 4165 autem
1833 4123 1901 4166 se
1951 4114 2302 4167 convertunt
2351 4106 2429 4166 ab

317 4204 585 4279 homine,
641 4211 783 4263 tune
827 4207 888 4264 in
933 4223 1047 4265 sua
1097 4205 1373 4281 angelica
1409 4211 1469 4265 et
1514 4207 1813 4282 spirituali
1849 4208 2057 4284 lingua
2091 4215 2257 4282 sunt,
2315 4225 2426 4266 nec

318 4306 519 4366 sciunt
567 4308 887 4383 quiequam
922 4306 994 4365 de
1038 4306 1244 4383 lingua
1292 4305 1581 4365 hominis:
1650 4307 1841 4368 simile
1889 4308 2113 4367 factum
2159 4315 2249 4366 est
2298 4325 2426 4367 me-
