3013 5114
354 432 450 488 DE
474 433 962 503 APPARENTIA,
991 437 1149 492 SITU
1187 439 1280 492 ET
1303 439 1809 496 PLURALITATE
1842 442 2329 501 INFERNORUM.
2373 454 2480 506 365

354 601 488 654 rent
523 597 678 654 sicut
713 597 924 669 nimbi,
981 600 1092 656 aut
1122 601 1279 658 sicut
1315 600 1608 660 candidae
1642 602 1870 678 nubes3
1926 620 2114 662 causa
2159 609 2280 679 est,
2337 600 2489 681 quia*

351 695 574 771 Angeli
626 697 781 756 coeli
826 699 889 756 in
936 702 1097 756 statu
1149 700 1602 760 interiorisunt
1655 704 1852 779 quoad
1911 704 2366 780 intelligenti-am
2420 710 2482 764 et

353 798 741 872 sapientiam,
797 800 879 856 ita
915 815 1103 874 supra
1138 801 1331 858 visum
1368 798 1608 861 illorum
1646 806 1748 879 qui
1780 806 1842 862 in
1878 804 2103 882 Mundo
2138 807 2477 880 spirituum.

357 894 619 972 Spiritus
656 903 890 973 autem,
948 901 1051 974 qui
1085 901 1144 956 in
1172 901 1539 976 planitiebus
1569 910 1628 962 et
1665 904 1923 966 vallibus
1959 911 2125 975 sunt,
2163 912 2475 965 semutuo

353 997 594 1072 vident,
661 1015 874 1058 verum
926 1016 1063 1058 cum
1109 1000 1192 1058 ibi
1237 1005 1505 1078 separati
1552 1009 1719 1078 sunt,
1753 1022 1760 1027 ¹
1792 1005 1950 1081 quod
1989 1005 2056 1063 fit
2102 1022 2235 1064 cum
2282 1007 2473 1065 intro-

351 1098 526 1156 missi
560 1098 620 1155 in
655 1100 942 1158 interiora
995 1116 1135 1176 sua,
1188 1107 1326 1160 tunc
1372 1103 1514 1160 mali
1555 1105 1804 1180 spiritus
1853 1123 1972 1163 non
2021 1104 2225 1164 vident
2259 1106 2468 1181 bonOS,

351 1195 494 1256 boni
531 1204 732 1257 autem
768 1200 974 1258 videre
1023 1208 1282 1276 possunt
1328 1203 1547 1277 maIOS,
1604 1204 1712 1262 sed
1764 1210 2044 1264 avertunt
2092 1221 2160 1263 sc
2206 1205 2281 1264 ab
2329 1205 2470 1280 illis,

348 1314 421 1357 ac
466 1300 713 1375 spiritus
752 1304 853 1376 qui
890 1317 956 1359 se
988 1308 1295 1376 avertunt,
1352 1305 1726 1379 inconspicui
1758 1304 1923 1363 fiunt.
1988 1304 2233 1364 Inferna
2266 1310 2471 1365 autem

348 1416 469 1458 non
514 1407 848 1477 apparent,
914 1404 1192 1478 quoniam
1241 1403 1449 1462 clausa
1499 1401 1671 1479 sunt',
1742 1406 1936 1465 solum
1984 1407 2298 1480 introitus,
2369 1407 2473 1481 qui

346 1505 559 1575 portae
594 1508 919 1576 vocantur,
977 1520 1111 1561 cum
1148 1490 1496 1580 aperiuntur
1531 1522 1640 1581 pro
1676 1505 2135 1565 intromittendis
2174 1505 2468 1569 similibus

336 1600 505 1658 aliis.
566 1599 792 1661 Omnes
827 1610 1039 1679 portae
1078 1603 1156 1662 ad
1189 1605 1422 1664 inferna
1455 1611 1667 1682 patent
1713 1623 1746 1666 e
1781 1606 2003 1667 mundo
2038 1608 2372 1683 spirituum,
2413 1610 2474 1666 et

343 1699 546 1760 nullae
589 1718 622 1760 e
658 1703 845 1763 coelo.

507 1801 666 1861 584.
721 1801 872 1862 Sunt
904 1805 1146 1864 Inferna
1179 1804 1407 1875 ubivis,
1444 1812 1567 1865 tam
1596 1806 1710 1865 sub
1747 1806 2045 1865 montibus
2057 1851 2074 1881 ,
2116 1806 2369 1867 collibus
2409 1812 2471 1866 et

342 1902 559 1978 petriS,
618 1920 799 1979 quam
833 1905 944 1964 sub
979 1906 1344 1982 planitiebus
1382 1912 1441 1965 et
1467 1905 1762 1965 vallibus:
1818 1913 2140 1983 aperturae
2176 1923 2287 1966 seu
2321 1924 2467 1982 por-

344 2007 444 2061 tae
474 2001 552 2060 ad
585 2004 848 2080 inferna,
906 2024 1060 2082 quae
1097 2012 1239 2066 sunt
1274 2007 1385 2065 sub
1420 2006 1753 2080 montibus,
1813 2005 2097 2081 collibus,
2156 2012 2217 2064 et
2248 2007 2459 2082 petris,

341 2109 637 2179 apparent
672 2105 754 2163 ad
797 2112 1186 2183 conspectum
1231 2109 1388 2166 sicut.
1434 2109 1727 2167 foramina
1764 2111 1825 2165 et
1863 2107 2020 2165 sicut
2052 2106 2307 2166 fissurae
2351 2125 2459 2165 ru·

336 2206 534 2279 pium,
593 2207 887 2282 quaedam
934 2215 1256 2282 protensae
1293 2210 1353 2267 in
1392 2209 1582 2267 latum
1626 2215 1686 2268 et
1722 2205 1981 2284 amplae,
2018 2207 2315 2284 quaedam
2351 2225 2451 2266 ar-

339 2311 473 2363 ctae
517 2312 577 2364 et
604 2309 866 2383 strictae,
905 2308 1233 2385 pleraeque
1271 2310 1554 2385 scabrae3
1606 2325 1833 2378 omneS,
1868 2325 2003 2368 eum
2039 2310 2457 2384 inspiciuntur,

341 2413 632 2480 apparent
668 2424 894 2483 opacae
935 2415 993 2465 et
1027 2388 1270 2483 furvae3
1328 2410 1439 2467 sed
1472 2409 1797 2468 infernales
1835 2409 2111 2482 spiritus»,
2159 2411 2260 2483 qui
2292 2409 2456 2482 inibi,

339 2505 401 2562 in
453 2502 559 2562 tali
600 2504 897 2567 luminoso
948 2513 1120 2576 sunt,
1173 2508 1351 2582 quale
1404 2513 1496 2568 est
1542 2524 1619 2567 ex
1666 2508 1866 2582 ignitis
1913 2505 2303 2582 carbonibus3
2355 2508 2457 2566 isti

335 2604 545 2663 lumini
576 2607 924 2682 recipiendo
962 2605 1394 2667 accommodati
1429 2614 1571 2665 sunt
1611 2606 1771 2665 oculi
1810 2605 2075 2681 illorum3
2135 2612 2195 2664 et
2228 2606 2343 2665 hoc
2382 2624 2458 2665 ex

340 2721 554 2778 causa,
613 2707 783 2780 quia,
852 2707 992 2764 dum
1039 2709 1316 2765 vixerunt
1367 2709 1429 2765 in
1481 2706 1738 2777 mund0,
1801 2707 1864 2763 in
1915 2706 2169 2781 caligine
2214 2706 2457 2765 fuerunt

342 2804 542 2882 quoad
578 2806 802 2865 Divina
835 2824 1011 2880 vera,
1065 2806 1340 2883 negando
1376 2806 1514 2883 illa,
1582 2812 1643 2867 et
1690 2807 1864 2883 quasi
1896 2807 1957 2863 in
1997 2806 2219 2865 lumine
2257 2805 2457 2883 quoad

340 2905 524 2979 falsa,
582 2906 931 2986 affirmando
970 2924 1071 2982 ea,
1138 2907 1298 2965 unde
1345 2909 1514 2966 visus
1555 2907 1864 2967 oculorum
1907 2905 2148 2966 illorum
2196 2909 2281 2965 ita
2327 2907 2454 2966 for·

315 3011 543 3065 -matus
582 3013 705 3083 est3
758 3007 896 3067 inde
944 3025 1181 3084 quoque
1224 3014 1346 3078 est,
1401 3010 1562 3085 quod
1606 3008 1712 3066 lux
1762 3006 2070 3084 coeliillis
2116 3007 2307 3085 caligo
2353 2998 2451 3083 sit,

334 3123 524 3183 quare
561 3125 697 3167 cum
725 3115 946 3167 exeunt
972 3112 1099 3168 suis
1129 3110 1345 3188 antris,
1397 3110 1545 3168 nih-il
1586 3108 1821 3174 vident:
1878 3125 1953 3167 ex
1984 3107 2199 3183 quibus
2237 3108 2450 3169 claris-

335 3209 484 3267 sime
519 3210 744 3285 patuit,
799 3209 959 3284 quod
992 3209 1171 3269 homo
1213 3215 1443 3268 tantum
1480 3212 1540 3268 in
1574 3209 1769 3268 lucem
1820 3206 1989 3268 Coeli
2024 3210 2226 3268 veniat
2261 3227 2454 3285 quan-

334 3313 460 3366 tum
489 3312 761 3385 agnoscit
794 3310 1094 3385 Divinum,
1139 3315 1200 3369 et
1237 3310 1547 3369 confirmat
1584 3309 1747 3386 apud
1785 3315 1856 3367 se
1892 3308 1998 3367 illa
2036 3325 2152 3384 que
2185 3306 2355 3367 Coeli
2391 3314 2452 3368 et

332 3405 642 3468 Ecclesiae
686 3416 861 3486 sunt3
921 3418 981 3469 et
1035 3410 1194 3487 quod
1233 3415 1464 3471 tantum
1506 3413 1566 3469 in
1609 3410 1922 3484 caliginem
1966 3408 2183 3467 inferni
2226 3410 2448 3482 veniat,

334 3515 620 3589 quantum
656 3516 837 3585 negat
883 3511 1196 3584 Divinum,
1254 3518 1315 3569 et
1351 3510 1660 3570 confirmat
1699 3508 1861 3583 apud
1897 3525 1965 3568 se
2004 3524 2077 3565 ea
2116 3523 2269 3582 quae
2310 3510 2452 3567 sunt

332 3613 540 3667 contra
577 3608 684 3666 illa
726 3626 881 3684 quae
920 3609 1089 3670 Coeli
1130 3615 1191 3669 et
1223 3610 1536 3669 Ecclesiae
1578 3613 1735 3667 sunt

493 3708 652 3767 585.
707 3708 1049 3784 Aperturae
1085 3726 1197 3768 seu
1232 3716 1444 3786 portae
1481 3708 1560 3767 ad
1592 3706 1864 3779 Inferna,
1903 3723 2057 3782 quae
2093 3707 2207 3765 sub
2242 3706 2443 3784 plani-

330 3806 528 3883 tiebus
565 3814 627 3868 et
666 3807 924 3867 vallibus
937 3852 953 3882 ,
1009 3809 1087 3867 ad
1124 3815 1437 3884 aspectum
1464 3813 1762 3885 apparent
1798 3806 2215 3882 diversimode,
2256 3824 2446 3885 quae-

328 3908 466 3967 dam
498 3909 725 3968 similes
761 3907 878 3967 illis
911 3926 1065 3986 quae
1104 3907 1217 3967 sub
1252 3908 1587 3981 montibus,
1628 3906 1881 3967 collibus
1909 3911 1968 3966 et
2002 3910 2211 3983 petris,
2257 3925 2448 3984 quae-

328 4009 467 4068 dam
504 4011 662 4070 sicut
697 4016 869 4067 antra
906 4015 968 4069 et
1001 4025 1328 4084 cavernae,
1388 4008 1687 4085 quaedam
1721 4009 1877 4067 sicut
1910 4006 2109 4067 hiatus
2146 4010 2346 4085 magni
2384 4013 2447 4068 et

325 4112 676 4184 voragines,
733 4110 1025 4185 quaedam
1064 4111 1221 4169 sicut
1260 4109 1550 4185 paludes,
1603 4115 1663 4167 et
1706 4108 2002 4184 quaedam
2041 4111 2197 4169 sicut
2232 4114 2449 4184 stagna

327 4225 646 4285 aquarum3
703 4226 908 4269 omnes
947 4217 1086 4271 sunt
1135 4217 1494 4287 coopertae,
1552 4226 1665 4268 nec
1711 4214 1922 4285 patent
1963 4208 2080 4266 nisi
2124 4225 2259 4267 cum
2303 4205 2447 4264 mali

325 4309 572 4385 spiritus
614 4327 648 4370 e
685 4310 903 4370 mundo
942 4312 1259 4387 spirituum
1307 4310 1449 4369 illuc
1486 4311 1827 4388 injiciuntur
1840 4328 1858 4384 ;
1911 4323 2167 4384 cumque
2216 4309 2442 4382 patent,
