3013 5114
588 422 696 475 ‘204
1207 413 1301 466 DE
1346 412 1585 466 COELO
1631 411 1725 465 ET
1766 409 2105 468 INFERNO.

587 575 837 632 vertitur
874 589 1045 631 omne
1084 570 1396 631 Eruditum
1430 571 1663 645 mundi,
1706 571 1863 647 quod
1899 587 2018 628 non
2054 573 2114 628 in
2150 586 2217 628 se
2253 570 2483 646 recepit
2509 570 2707 631 lucem

587 692 621 734 e
662 673 829 733 coelo
857 690 967 749 per
1002 675 1361 749 agnitionem
1389 673 1610 731 Divini.

745 774 907 832 355.
964 773 1139 848 Quod
1174 774 1260 831 illi
1302 772 1455 831 tales
1493 775 1615 831 sint
1654 774 1713 830 in
1752 771 1971 831 mundo
2009 771 2335 847 spirituali,
2393 789 2527 831 cum
2564 773 2705 832 illuc

586 877 832 934 veniunt
875 881 1016 950 post
1078 881 1357 947 mortem,
1424 873 1620 932 solum
1676 890 1748 932 ex
1800 891 1870 933 eo
1926 871 2202 931 concludi
2257 880 2488 949 potest,
2546 875 2706 949 quod

587 984 728 1035 tunc
763 976 959 1032 omnia
996 992 1149 1049 quae
1190 977 1249 1031 in
1286 974 1577 1033 Memoria
1612 973 1872 1033 naturali
1906 981 2064 1048 sunt,
2104 980 2171 1032 et·
2188 973 2530 1034 immediate
2560 992 2704 1034 con-

576 1077 790 1153 juncta
847 1075 1229 1134 sensualibus
1280 1078 1582 1151 corporis,
1640 1082 1705 1134 ut
1751 1081 1890 1134 sunt
1937 1073 2083 1133 talia
2133 1074 2493 1149 scientifica,
2552 1094 2706 1152 quae

586 1194 723 1235 mox
783 1192 970 1252 supra
1024 1179 1320 1235 recensita
1382 1182 1550 1249 sunt,
1622 1178 1964 1252 quiescant,
2049 1182 2110 1234 et
2161 1176 2334 1234 modo
2393 1176 2709 1236 rationalia

589 1295 743 1353 quae
780 1276 917 1335 inde
960 1283 1127 1351 sunt,
1171 1294 1282 1354 pro
1318 1279 1678 1353 cogitatione
1716 1284 1776 1336 et
1806 1274 1926 1354 'pro
1963 1276 2206 1352 loquela
2232 1277 2316 1334 ibi
2348 1280 2709 1336 inserviant:

585 1377 762 1437 homo
806 1378 959 1436 enim
1000 1394 1205 1436 secum
1253 1378 1369 1436 sert
1406 1395 1640 1436 omnem
1676 1380 2022 1436 memoriam
2057 1377 2417 1451 naturalem,
2468 1379 2575 1437 sed
2606 1378 2711 1436 illa

591 1496 747 1555 quae
786 1478 868 1535 ibi
902 1486 1068 1551 sunt,
1125 1497 1241 1536 non
1280 1479 1393 1535 sub
1433 1479 1564 1554 ejus
1592 1480 1903 1536 intuitione
1945 1484 2084 1535 sunt
2112 1485 2172 1536 et
2202 1481 2262 1535 in
2291 1480 2710 1555 cogitationem

587 1581 834 1637 veniunt
870 1581 1025 1636 sicut
1062 1572 1199 1636 dum
1249 1580 1395 1636 vixit
1441 1581 1504 1636 in
1539 1579 1759 1637 mundo
1775 1624 1791 1653 ,
1858 1577 2004 1637 nihil
2049 1586 2254 1654 potest
2298 1579 2436 1663 inde
2486 1580 2708 1657 depro-

587 1696 781 1753 mere,
840 1687 898 1736 et
934 1680 993 1736 in
1027 1680 1219 1736 lucem
1259 1679 1636 1756 spiritualem
1680 1679 1983 1756 proferre,
2035 1682 2175 1755 quia
2211 1698 2330 1739 non
2365 1688 2506 1740 sunt
2552 1681 2714 1741 illius

586 1779 759 1849 lucie,
787 1779 895 1838 sed
923 1779 1237 1837 rationalia
1266 1797 1374 1838 seu
1403 1780 1834 1840 intellectualia
1864 1798 2015 1857 quae
2045 1780 2220 1839 homo
2258 1781 2371 1840 sibi
2399 1785 2720 1858 acquisivit

593 1899 666 1939 ex
704 1883 1004 1954 scientiiS,
1066 1898 1196 1939 cum
1229 1883 1375 1939 vixit
1411 1884 1469 1940 in
1499 1899 1788 1958 corpore,
1841 1881 2139 1958 quadrant
2173 1900 2306 1940 cum
2340 1883 2476 1942 luce
2513 1883 2716 1941 mundi

594 1981 959 2058 spiritualis3
1017 1989 1384 2059 quapropter
1427 1992 1712 2058 quantum
1757 1982 2066 2041 rationalis
2101 1983 2296 2042 sactus
2333 1991 2427 2043 est
2460 1985 2715 2044 hominis

585 2084 833 2159 spiritus
870 2100 979 2158 per
1016 2084 1381 2158 cognitiones
1422 2092 1480 2141 et
1523 2085 1805 2142 scientias
1843 2085 1903 2141 in
1946 2083 2163 2141 mundo
2177 2127 2194 2158 ,
2250 2092 2481 2144 tantum
2519 2087 2709 2144 ratio-

585 2181 737 2240 nalis
794 2190 886 2240 est
922 2190 1062 2257 post
1100 2181 1457 2241 solutionem
1496 2201 1532 2240 a
1569 2201 1851 2261 corpore,
1904 2202 2039 2242 nam
2078 2191 2218 2246 tunc
2254 2185 2431 2245 homo
2468 2188 2715 2263 spiritus

588 2289 709 2357 est,
767 2289 827 2341 et
868 2284 1115 2359 spiritus
1160 2285 1380 2367 estqui
1426 2286 1648 2360 cogitat
1684 2287 1744 2343 in
1779 2301 2030 2362 corpore
2063 2269 2170 2368 (a).

742 2384 904 2442 356.
959 2381 1078 2458 Qui
1127 2392 1324 2442 autem
1373 2402 1483 2461 per
1525 2388 1894 2463 cognitiones
1951 2392 2010 2445 et
2053 2388 2335 2447 scientias
2381 2386 2499 2447 sibi
2549 2405 2716 2448 com-

584 2491 956 2561 paraverunt
995 2483 1450 2562 intelligentiam
1500 2494 1560 2544 et
1607 2489 1997 2565 sapientiam,
2055 2491 2156 2565 qui
2192 2496 2332 2547 sunt
2379 2490 2481 2565 qui
2517 2491 2717 2548 omnia

585 2585 1012 2663 applicuerunt
1049 2588 1184 2644 usui
1219 2589 1407 2662 vitae,
1469 2599 1529 2646 et
1564 2589 1743 2647 simul
1781 2596 2150 2665 agnoverunt
2183 2589 2468 2648 Divinum
2485 2608 2713 2665 „ama-

558 2693 809 2756 ,verunt
845 2686 1136 2766 Verbum,
1180 2695 1240 2746 et
1275 2689 1649 2765 spiritualem
1690 2689 1978 2748 moralem
2018 2691 2216 2764 vitam,
2259 2690 2333 2748 de
2371 2708 2492 2766 qua
2530 2707 2718 2769 supra

582 2804 661 2849 n:
706 2788 789 2846 31
812 2791 870 2855 9,
914 2789 1222 2861 vixerunt,
1271 2789 1388 2846 illis
1426 2792 1714 2848 scientiae
1752 2791 2187 2849 inserviverunt
2221 2808 2330 2867 pro
2366 2791 2578 2850 mediis
2614 2808 2719 2851 sa-

583 2886 817 2963 piendi,
872 2893 931 2945 et
968 2883 1208 2963 quoque
1247 2890 1669 2947 corroborandi
1705 2890 1810 2948 illa
1848 2908 2000 2966 quae
2036 2890 2175 2949 fidei
2210 2898 2379 2969 sunt3
2433 2893 2719 2952 interiora

582 3003 788 3046 eorum
828 3004 983 3062 quae
1013 2969 1588 3065 mentisjpercepta
1617 2996 1757 3048 sunt
1784 2998 1844 3050 et
1883 3008 2119 3068 quoque
2157 2994 2290 3050 visa
2324 2995 2482 3052 sicut
2515 3000 2714 3053 trans-

578 3088 858 3163 parentia
907 3104 983 3143 ex
1032 3085 1224 3164 luce„
1255 3091 1317 3147 in
1353 3090 1553 3149 colore
1603 3091 1883 3167 candido,
1938 3093 2215 3152 flammeo
2267 3093 2366 3152 vel
2414 3094 2718 3163 caeruleO,

579 3189 641 3245 in
682 3186 845 3262 quali
880 3194 1021 3245 sunt
1058 3187 1440 3265 adamantes,
1497 3191 1721 3265 rubini,
1779 3193 2081 3270 sapphiri,
2139 3196 2241 3269 qui
2281 3192 2602 3272 pellucidi,
2659 3201 2721 3255 et

580 3286 694 3346 hoc
735 3287 1066 3345 secundum
1116 3290 1601 3351 confirmationes
1630 3309 1739 3369 pro
1784 3293 2002 3353 Divino
2041 3301 2102 3353 et
2135 3313 2246 3372 pro
2283 3297 2445 3354 veris
2481 3296 2719 3355 Divinis

586 3406 661 3448 ex
698 3391 995 3461 scientiis;
1038 3407 1184 3447 vera
1206 3390 1622 3469 Intelligentia
1663 3399 1721 3452 et
1760 3393 2072 3471 Sapientia
2098 3395 2236 3455 talis
2274 3403 2546 3473 apparet,
2582 3414 2720 3456 cum

585 3492 816 3549 sistitur
864 3490 1123 3550 videnda
1174 3494 1236 3551 in
1285 3492 1508 3575 mundo
1558 3494 1889 3571 spirituali,
1943 3495 2004 3554 id
2048 3496 2230 3555 trahit
2280 3515 2318 3556 a
2363 3497 2499 3556 luce
2545 3497 2719 3573 coeli,

585 3608 739 3665 quae
781 3599 874 3651 est
910 3591 1197 3651 Divinum
1236 3593 1464 3652 Verum
1501 3594 1838 3671 procedens
1871 3614 1909 3655 a
1943 3596 2231 3671 Domino,
2272 3616 2347 3657 ex
2379 3615 2496 3673 quo
2526 3600 2718 3657 omnis

584 3689 994 3771 Intelligentia
1044 3701 1101 3753 et
1152 3692 1496 3772 Sapientia,
1556 3696 1830 3755 videatur
1875 3714 2062 3774 supra
2114 3716 2182 3757 n:
2245 3700 2380 3757 126
2426 3698 2503 3757 ad
2548 3700 2717 3758 133:

584 3857 621 3865 .-
635 3858 818 3866 ——-.-->—·—
833 3861 892 3867 ..--
901 3860 996 3867 --ἶνα

738 3926 822 3990 (a)
886 3922 1052 3989 Quod
1112 3924 1426 3979 scientifica
1482 3926 1599 3979 sint
1657 3928 1976 3981 memoriae
2043 3929 2356 3993 naturalis,
2432 3947 2579 4002 quae
2616 3942 2724 3998 „est

582 4000 806 4051 homini
852 3999 908 4051 in
953 4016 1238 4069 corpore,
1293 4020 1364 4055 n:
1408 4008 1578 4063 5212.
1623 4011 1794 4063 9922.
1891 4002 2057 4069 Quod
2108 4007 2282 4058 hoino
2334 4023 2528 4059 secum
2569 4006 2724 4060 ferat

584 4084 720 4145 post
760 4086 1007 4128 mortem
1051 4092 1282 4128 omnem
1331 4078 1672 4131 memoriam
1728 4080 2088 4144 naturalem,
2152 4099 2221 4133 n:
2267 4088 2449 4142 2475:
2515 4082 2588 4135 ab
2631 4100 2721 4135 ex-

587 4149 909 4221 parientia,
972 4168 1041 4202 n:
1104 4158 1252 4211 2481
1309 4151 1610 4214 ad-24862
1676 4154 1778 4208 sed
1832 4154 1991 4227 quod
2038 4173 2104 4209 ex
2149 4156 2246 4209 illa
2280 4159 2562 4212 memoria
2603 4175 2723 4211 non

590 4226 813 4300 aliquid
866 4226 1213 4299 depromere
1269 4228 1453 4299 possit
1505 4229 1656 4283 sicut
1712 4231 1769 4283 in
1818 4231 2067 4297 mundo,
2134 4232 2212 4287 ob
2254 4234 2456 4304 plures
2504 4251 2721 4298 causas,

589 4322 657 4356 n:
703 4310 870 4366 2476.
910 4311 1078 4366 2477.
1119 4311 1284 4367 2479·
