3013 5114
473 466 568 522 DE
610 466 1081 544 AEQUILIBRIO
1121 467 1339 522 INTER
1380 468 1672 524 COELUM
1714 468 1808 523 ET
1847 469 2232 529 INFERNUM.
2316 484 2423 536 369

300 631 426 703 nis3
480 636 620 688 sunt
654 629 1222 687 communicationes
1259 628 1632 711 quorundam
1671 648 1782 708 per
1819 633 2135 709 transitus,
2190 641 2250 694 et
2285 643 2427 695 sunt

299 730 869 789 communicationes
917 728 1178 805 plurium
1227 746 1338 805 per
1387 729 1827 806 exhalationes,
1897 741 1958 792 et
2006 735 2122 793 hoc
2171 753 2424 812 prorsus

299 829 632 891 seeundum
668 828 992 888 affinitates
1033 832 1210 890 unius
1250 833 1488 907 generis
1529 836 1589 891 et
1621 833 1798 891 unius
1850 837 2076 911 speciei
2111 837 2253 896 mali
2289 854 2425 897 cum

299 932 455 992 aliis.
537 930 780 990 Inferna
815 936 1036 1008 quanto
1072 948 1320 992 numero
1362 938 1533 1006 sunt,
1589 932 1794 991 datum
1827 935 1970 994 mihi
2013 943 2105 995 est
2140 940 2296 997 scire
2346 956 2422 998 ex

302 1050 408 1107 eo,
481 1031 640 1109 quod
675 1031 920 1092 Inferna
959 1034 1079 1091 sint
1113 1032 1226 1090 sub
1274 1035 1433 1091 omni
1479 1033 1714 1108 Monte,
1783 1034 1953 1095 Colle
2005 1041 2066 1096 et
2099 1037 2310 1109 Petra,
2363 1047 2425 1100 et

307 1150 549 1211 quoque
610 1132 724 1193 sub
785 1135 943 1192 omni
988 1132 1246 1193 Planitie
1309 1141 1370 1193 et
1421 1133 1633 1204 Valle,
1700 1142 1759 1194 et
1805 1137 1965 1214 quod
2014 1137 2127 1196 sub
2176 1139 2294 1198 illis
2350 1157 2421 1199 se

298 1233 629 1294 extendant
659 1236 721 1292 in
756 1235 1026 1311 longum,
1065 1234 1284 1308 latum,
1331 1241 1392 1294 et
1414 1235 1776 1311 profundum
1789 1257 1806 1313 ;
1841 1237 2027 1297 verbo
2056 1243 2242 1297 totum
2280 1256 2423 1299 coe-

297 1335 452 1411 lum,
491 1352 562 1395 ae
589 1340 749 1395 totus
778 1334 1039 1395 Mundus
1083 1337 1432 1411 spirituum,
1489 1342 1632 1396 sunt
1669 1340 1842 1414 quasi
1878 1341 2182 1411 excavati,
2226 1348 2286 1400 et
2310 1340 2423 1400 sub

295 1437 415 1496 illis
445 1438 788 1496 continuum
820 1435 1147 1496 Infernum.
1227 1437 1399 1496 Haec
1441 1437 1517 1498 de
1551 1438 1905 1498 Pluralitate
1941 1440 2336 1501 Infernorum.

300 1582 423 1675 De
458 1604 1048 1703 Aequilibrio
1103 1606 1343 1677 inter
1379 1605 1749 1678 Coelum
1800 1625 1887 1679 et
1937 1609 2417 1681 Infernum.

460 1742 624 1801 589.
679 1739 957 1800 Omnium
992 1741 1433 1819 Aequilibrium
1463 1744 1591 1818 erit,
1634 1749 1702 1802 ut
1728 1743 1953 1820 aliquid
1982 1748 2201 1805 existat
2213 1766 2230 1821 3
2273 1746 2419 1806 abs-

299 1859 418 1918 que
471 1841 825 1919 aequilibrio
868 1859 988 1902 non
1040 1847 1135 1902 est
1186 1844 1341 1902 aetio
1390 1849 1451 1903 et
1495 1846 1754 1915 reaetio,
1816 1861 1955 1903 nam
2002 1845 2423 1922 aequilibrium

301 1949 400 2002 est
427 1944 585 2002 inter
619 1943 791 2002 binas
819 1945 1012 2014 vires,
1049 1960 1303 2020 quarum
1340 1961 1461 2002 una
1497 1946 1623 2021 agit
1665 1950 1726 2014 et
1762 1944 1953 2004 altera
1989 1947 2208 2021 reagit,
2251 1949 2423 2022 quies

302 2061 379 2102 ex
406 2044 587 2103 simili
608 2046 849 2121 agentia
876 2050 937 2104 et
963 2046 1275 2122 reagentia
1300 2051 1551 2104 vocatur
1587 2044 2041 2121 Aequilibrium.
2097 2046 2170 2104 In
2197 2039 2423 2106 Mundo

299 2143 559 2205 naturali
609 2151 703 2205 est
745 2144 1183 2221 Aequilibrium
1223 2147 1285 2205 in
1327 2146 1601 2205 omnibus
1641 2153 1704 2206 et
1742 2145 2027 2224 siugulis3
2083 2148 2145 2206 in
2192 2165 2419 2225 genere

298 2248 357 2304 in
382 2247 532 2323 ipsis
569 2245 1047 2324 AtmosphaeriS,
1084 2250 1144 2308 in
1180 2245 1398 2326 quibus
1425 2247 1710 2307 inferIora
1742 2256 1998 2325 reaguut
2025 2254 2086 2308 et
2111 2250 2418 2323 resistunt,
2511 2279 2522 2291 ·

301 2353 588 2422 quantum
632 2350 949 2425 superiora
1004 2354 1190 2425 agunt
1237 2355 1298 2406 et
1337 2349 1721 2410 incumbunt:
1773 2351 1837 2407 in
1886 2349 2109 2410 Mundo
2162 2351 2424 2410 naturali

298 2453 395 2505 est
435 2450 618 2507 etiam
666 2449 1087 2524 aequilibrium
1135 2450 1293 2506 inter
1346 2449 1607 2509 calorem
1656 2456 1717 2506 et
1751 2449 1971 2525 friguS,
2024 2452 2179 2508 inter
2224 2449 2423 2509 lucem

300 2554 361 2607 et
395 2547 698 2623 umbram,
754 2555 815 2608 et
848 2550 1004 2608 inter
1037 2550 1263 2608 siceum
1300 2553 1362 2606 et
1393 2548 1733 2623 humidum,
1789 2547 1987 2608 media
2018 2554 2427 2627 temperatura

300 2654 393 2707 est
429 2649 884 2725 aequilibrium:
958 2652 1051 2708 est
1097 2666 1339 2726 quoque
1388 2649 1808 2726 aequilibrium
1850 2651 1910 2707 in
1954 2650 2229 2709 omnibus
2274 2649 2424 2709 sub-

288 2751 475 2827 jectis
528 2749 875 2828 Regnorum
926 2749 1164 2825 Mundi,
1230 2767 1384 2825 quae
1438 2757 1580 2810 sunt
1631 2751 1771 2825 tria,
1840 2767 2057 2828 nempe
2109 2750 2423 2824 Minerale‚

300 2850 689 2928 vegetabile,
743 2856 805 2911 et
838 2851 1151 2928 Animale3
1207 2868 1346 2910 nam
1382 2851 1613 2928 absque
1642 2849 1996 2934 aequilibrio
2032 2851 2091 2909 in
2125 2851 2243 2911 illis
2277 2850 2426 2910 nihil

298 2951 506 3011 existit
559 2957 621 3012 et
675 2952 950 3012 subsistit
962 2973 978 3027 3
1061 2958 1156 3012 est
1197 2950 1391 3011 ubivis
1443 2954 1600 3011 sicut
1650 2958 1900 3011 conatus
1952 2953 2028 3011 ab
2078 2970 2201 3011 una
2249 2960 2425 3032 parte

297 3068 487 3129 agens
523 3058 584 3113 et
614 3053 701 3120 ⁴ab
743 3053 935 3113 altera
971 3069 1248 3131 reagens.
1333 3051 1543 3113 Omnis
1594 3055 1916 3114 existentia
1951 3069 2063 3113 seu
2106 3056 2296 3113 omnis
2331 3055 2424 3115 ef-

295 3155 489 3213 feetus
528 3154 594 3214 fit
629 3157 693 3214 in
737 3154 1120 3231 aequilibrio,
1175 3154 1285 3215 sed
1320 3154 1386 3214 fit
1426 3173 1537 3231 per
1579 3154 1642 3213 id
1683 3150 1843 3232 quod
1888 3173 2009 3215 una
2041 3156 2135 3214 vis
2176 3159 2324 3233 agat
2360 3163 2423 3215 et

298 3255 490 3314 altera
533 3258 802 3333 patiatur
843 3273 913 3317 se
959 3258 1100 3334 agi,
1141 3272 1251 3315 seu
1298 3254 1457 3333 quod
1502 3273 1624 3315 una
1665 3257 1757 3315 vis
1794 3256 2027 3333 agendo
2069 3255 2310 3325 influat,
2363 3262 2424 3315 et

300 3355 494 3416 altera
529 3359 789 3435 recipiat
837 3362 898 3418 et
945 3359 1372 3417 convenienter
1423 3356 1618 3417 cedat.
1699 3357 1770 3416 In
1806 3356 2031 3415 Mundo
2067 3355 2327 3415 naturali
2363 3355 2425 3413 id

298 3457 460 3533 quod
498 3461 623 3537 agit
661 3465 723 3519 et
765 3459 926 3536 quod
965 3460 1159 3537 reagit
1200 3464 1449 3519 vocatur
1485 3458 1576 3516 vis
1614 3464 1676 3517 et
1711 3473 1952 3533 quoque
1993 3462 2274 3530 conatus3
2312 3455 2424 3515 sed

295 3559 356 3615 in
392 3558 619 3618 Mundo
660 3559 958 3636 spirituali
990 3559 1053 3618 id
1086 3559 1246 3636 quod
1275 3559 1398 3636 agit
1433 3563 1494 3618 et
1532 3556 1693 3634 quod
1730 3558 1957 3634 reagit,
2003 3561 2253 3615 vocatur
2281 3555 2426 3615 Vita

297 3662 358 3717 et
388 3656 726 3736 ’Voluntas3
779 3662 907 3718 vita
946 3658 1031 3718 ibi
1082 3665 1177 3718 est
1221 3661 1314 3718 vis
1364 3658 1535 3730 viva,
1591 3664 1653 3717 et
1694 3656 1972 3716 voluntas
2022 3662 2118 3716 est
2170 3662 2419 3717 conatus

295 3760 503 3833 viVuS,
542 3764 604 3819 et
637 3761 840 3836 ipsum
876 3758 1295 3835 aequilibrium
1329 3764 1583 3818 vocatur
1608 3758 1926 3818 Liberum:
1982 3759 2183 3818 existit
2214 3759 2420 3837 itaque

295 3865 359 3920 et
394 3859 673 3920 subsistit
693 3859 1133 3938 Aequilibrium
1168 3857 1481 3937 spirituale
1518 3876 1629 3920 seu
1666 3858 1966 3954 Libgrum,
2004 3861 2160 3919 inter
2194 3858 2419 3919 bonum

294 3961 371 4020 ab
407 3978 529 4020 una
574 3967 749 4039 parte
786 3977 1006 4040 agens,
1059 3965 1120 4020 et
1152 3960 1377 4020 malum
1415 3960 1491 4019 ab
1531 3960 1723 4020 altera
1762 3965 1936 4036 parte
1972 3976 2263 4039 reagens,
2321 3960 2421 4020 vel

292 4063 450 4121 inter
495 4063 718 4124 malum
766 4064 843 4123 ab
893 4080 1017 4122 una
1066 4069 1241 4140 parte
1295 4078 1481 4140 agens
1521 4068 1581 4122 et
1622 4062 1844 4122 bonum
1888 4061 1964 4121 ab
2007 4062 2199 4123 altera
2245 4067 2420 4137 parte

294 4178 549 4239 reagens
559 4184 577 4240 3
632 4164 1049 4240 aequilibrium
1084 4166 1242 4224 inter
1282 4163 1508 4224 bonum
1556 4181 1742 4241 agens
1795 4168 1857 4224 et
1901 4163 2126 4223 malum
2163 4176 2419 4237 reagens

294 4269 391 4323 est
416 4264 828 4343 apud'bonos,
867 4272 931 4325 at
974 4265 1392 4343 aequilibrium
1425 4267 1581 4324 inter
1619 4265 1842 4324 malum
1885 4279 2073 4341 agens
2103 4267 2164 4322 et
2198 4261 2418 4320 bonum

293 4380 552 4443 reagens
589 4372 684 4428 est
708 4364 873 4444 apud
896 4365 1116 4426 malos:
1157 4365 1318 4443 quod
1354 4366 1774 4443 aequilibrium
1806 4362 2123 4441 spirituale
2151 4363 2230 4421 sit
2267 4361 2420 4421 inter

397 4476 823 4531 Swodcnborg,
861 4479 927 4518 De
960 4473 1101 4518 Coelo
1134 4485 1175 4516 et
1212 4475 1413 4516 inferno.
1867 4539 1882 4558 ἱ
1992 4467 2077 4520 24
