3013 5114
885 417 984 471 nn
1026 415 1286 475 MUNuo
1328 418 1717 479 spnzrruum
1743 421 1908 497 Ero.
2345 438 2452 491 251

327 571 549 632 mundo
566 572 614 648 ‚⁷
644 578 706 633 ει
750 573 890 634 dein
925 578 987 636 in
1024 583 1370 652 aeternum,
1426 583 1505 641 sit
1533 582 1943 644 Misericordia
1979 599 2134 659 quae
2169 585 2455 664 intelligi-

325 681 465 734 tur:
540 675 737 733 sciant
794 677 1034 754 itaque,
1109 680 1271 756 quod
1322 686 1737 762 unusquisque
1794 684 1975 745 homo
2033 692 2317 744 nascatur
2379 689 2458 747 ad

327 774 597 852 Coelum,
640 782 701 836 et
737 777 900 854 quod
934 781 1260 856 recipiatur
1300 786 1403 860 qui
1439 783 1691 845 Coelum
1738 787 1953 864 recipit
1985 787 2046 844 in
2081 802 2148 846 εε
2184 788 2246 846 in
2276 806 2452 847 mun-

324 875 435 953 do,
483 882 544 937 ει
580 877 932 938 excludatur
968 883 1072 958 qui
1104 899 1223 941 non
1267 886 1501 963 recipit.

916 1310 1271 1384 MUNDO
1328 1211 1856 1386 gssIRITUUM

1261 1449 1357 1502 ET
1389 1451 1486 1504 DE

672 1566 944 1631 STATU
1020 1569 1363 1631 HOMINIS
1442 1571 1655 1633 POST
1733 1572 2097 1634 MORTEM.

757 1736 995 1834 Quid
1046 1737 1425 1811 Mundus
1483 1718 2008 1838 Spirituum.

475 1886 641 1942 421.
695 1883 954 1944 Mundus
993 1884 1322 1962 Spirituum
1358 1904 1478 1945 non
1515 1892 1609 1945 est
1636 1887 1914 1962 Coelum,
1971 1907 2084 1949 nec
2123 1898 2215 1949 est
2249 1891 2449 1951 Infer-

324 2000 498 2054 num,
556 1985 666 2043 sed
711 1992 803 2044 εει
839 1985 1009 2045 locus
1060 2003 1168 2045 seu
1206 1993 1400 2045 status
1437 1985 1672 2046 medius
1718 1991 1873 2048 inter
1907 1997 2251 2067 utrumque3
2305 1991 2452 2051 illuc

319 2087 472 2143 enim
508 2083 685 2144 homo
723 2093 863 2162 post
898 2095 1153 2146 mortem
1191 2091 1447 2164 primum
1481 2091 1679 2162 venit,
1737 2094 1797 2149 ει
1828 2090 1962 2148 dein
2000 2098 2139 2166 post
2175 2100 2450 2151 exactum

316 2190 558 2264 tempus
595 2187 925 2246 secundum
966 2190 1147 2246 vitam
1174 2204 1345 2247 suam
1384 2191 1447 2247 in
1481 2190 1702 2249 mundo
1740 2189 1836 2250 vel
1878 2189 2150 2250 elevatur
2188 2195 2248 2250 in
2286 2191 2444 2253 Coe-

315 2284 442 2344 lum
479 2285 580 2344 vel
620 2287 932 2364 conjicitur
965 2291 1027 2346 in
1061 2288 1389 2349 Infernum.

475 2389 640 2445 422.
709 2388 971 2448 Mundus
1021 2388 1351 2466 Spirituum
1390 2382 1485 2450 est
1519 2389 1694 2450 locus
1730 2390 1964 2450 medius
2000 2395 2158 2451 inter
2196 2391 2450 2454 Coelum

317 2493 379 2546 ει
420 2486 726 2546 Infernum
750 2533 769 2559 ,
824 2496 885 2550 ει
922 2508 1158 2567 quoque
1198 2497 1290 2549 est
1326 2496 1519 2550 status
1563 2490 1820 2549 hominis
1855 2497 1997 2567 post
2030 2498 2280 2550 mortem
2317 2511 2448 2551 me·-

319 2588 487 2665 dius;
525 2591 684 2664 quod
723 2593 803 2649 sit
837 2592 1009 2651 locus
1046 2592 1325 2666 medius,
1363 2593 1561 2667 patuit
1594 2591 1738 2651 mihi
1769 2610 1843 2651 ex
1872 2608 1971 2667 eo,
2012 2592 2170 2668 quod
2205 2591 2452 2651 Inferna

314 2691 435 2749 sint
467 2690 651 2760 infra.
705 2697 764 2751 et
799 2691 969 2752 Coeli
1011 2709 1200 2769 supra
1214 2713 1231 2768 3
1290 2699 1351 2752 ει
1394 2691 1556 2775 quod
1590 2695 1668 2751 sit
1702 2698 1892 2751 status
1921 2692 2185 2768 medius,
2242 2711 2316 2751 ex
2356 2711 2446 2768 eo,

314 2791 474 2867 quod
508 2790 722 2865 homo,
780 2791 1061 2869 quamdiu
1099 2793 1183 2852 ibi
1243 2790 1362 2868 est,
1419 2791 1682 2852 nondum
1716 2795 1778 2851 in
1827 2792 2010 2852 Coelo
2060 2799 2183 2868 εει,
2238 2797 2448 2853 necin

309 2890 571 2951 Inserno.
662 2892 869 2953 Status
918 2893 1087 2958 Coeli
1142 2894 1305 2969 apud
1341 2894 1644 2953 hominem
1683 2900 1779 2953 εει
1816 2892 2167 2970 Conjunctio
2207 2894 2347 2953 boni
2386 2901 2447 2955 et

310 2995 444 3051 veri
479 2994 640 3070 apud
675 2994 877 3069 illum,
938 3001 999 3053 ει
1035 3001 1229 3060 status
1265 2995 1492 3054 Inferni
1530 3000 1625 3054 est
1660 2996 1996 3073 conjunctio
2033 2995 2176 3054 mali
2213 3002 2273 3055 ει
2311 2996 2448 3055 falsi

312 3093 473 3170 apud
511 3093 713 3154 illum:
770 3094 1009 3172 quando
1046 3095 1211 3172 apud
1261 3095 1566 3154 hominem
1620 3097 1895 3172 spiritum
1933 3097 2314 3174 conjunctum
2351 3104 2447 3156 εει

305 3193 532 3254 bonum
567 3213 742 3268 vero,
798 3203 938 3255 tunc
966 3198 1131 3255 venit
1165 3199 1227 3254 in
1267 3194 1548 3271 Coelum,
1607 3200 1749 3273 quia
1782 3204 1850 3255 ut
1885 3197 2104 3257 dictum
2145 3204 2255 3273 εει,
2296 3215 2441 3256 con-

299 3295 534 3371 junctio
570 3294 678 3354 illa
715 3302 811 3357 εει
848 3296 1099 3357 Ocelum
1140 3298 1305 3373 apud
1357 3297 1562 3373 illum3
1621 3298 1856 3374 quando
1895 3304 2096 3356 autem
2131 3297 2294 3374 apud
2326 3297 2442 3357 ho·
2522 3299 2526 3300 ⁷

307 3398 528 3458 minem
579 3399 854 3473 spiritum
905 3398 1287 3475 conjunctum
1344 3403 1440 3457 εει
1480 3397 1706 3474 malum
1753 3397 1938 3472 salso,
1996 3404 2136 3455 tunc
2181 3400 2347 3456 venit
2387 3399 2447 3455 in

307 3494 651 3567 Infernum,
689 3500 830 3574 quia
867 3497 1218 3576 Conjunctio
1250 3497 1357 3557 illa
1387 3505 1483 3558 εει
1506 3498 1814 3558 Infernum
1851 3496 2012 3574 apud
2043 3495 2244 3572 illum3
2293 3495 2446 3556 haec

314 3593 669 3672 Conjunctio
724 3597 788 3656 fit
833 3600 893 3657 in
941 3599 1168 3660 Mundo
1220 3602 1574 3676 spirituum,
1639 3600 1916 3674 quoniam
1968 3603 2109 3656 tunc
2157 3597 2333 3656 homo
2384 3599 2448 3656 in

308 3702 472 3756 statu
509 3697 706 3756 medio
746 3704 855 3757 εει.
945 3698 1149 3760 Simile
1188 3707 1311 3773 εει,
1370 3701 1425 3758 si
1463 3698 1629 3757 dicas
1670 3698 2149 3776 conjunctionem
2190 3698 2451 3784 Intellee

304 3804 438 3858 ctus
475 3806 539 3858 et
575 3797 948 3876 Voluntatis,
1005 3808 1111 3860 aut
1139 3803 1192 3860 si
1228 3800 1393 3859 dicas
1431 3799 1915 3876 conjunctionem
1947 3800 2077 3858 veri
2120 3807 2180 3859 ει
2213 3800 2376 3860 boni.

462 3902 626 3960 423.
681 3900 948 3960 Primum
994 3879 1375 3986 hicxaliquid
1417 3899 1731 3959 dicendum
1776 3905 1869 3959 est
1904 3899 1977 3959 de
2028 3902 2444 3979 conjunctione

302 3998 658 4060 Intellectus
698 4008 761 4062 et
800 4001 1182 4077 VoluntatiS,
1228 4019 1301 4061 ac
1341 4000 1415 4061 de
1458 4000 1636 4061 simili
1687 4001 1818 4079 ejus
1857 4017 1993 4061 cum
2029 4004 2444 4081 conjunctione

302 4098 447 4158 boni
483 4106 543 4159 ει
585 4104 754 4179 veri,
807 4104 1090 4181 quoniam
1127 4102 1234 4161 illa
1273 4102 1616 4181 conjunctio
1644 4102 1713 4161 fit
1746 4103 1809 4161 in
1841 4102 2065 4163 Mundo
2102 4106 2438 4181 spirituum.

301 4200 415 4259 Est
442 4200 669 4262 homini
693 4201 1048 4266 Intellectus
1079 4210 1140 4264 et
1167 4210 1262 4263 εει
1288 4203 1613 4278 Voluntas,
1651 4203 2005 4265 Intellectus
2033 4207 2248 4281 recipit
2272 4220 2439 4276 vera,

302 4307 362 4360 et
398 4301 689 4363 formatur
726 4322 803 4365 ex
836 4305 991 4379 illis,
1047 4315 1117 4365 ac
1173 4303 1470 4364 Voluntas
1521 4305 1735 4381 recipit
1782 4304 1983 4389 benaa
2043 4310 2103 4362 ει
2156 4304 2445 4362 formatur
