3013 5114
558 417 668 467 16ss
1164 404 1260 455 DE
1307 401 1549 455 COELO
1593 401 1685 453 ET
1726 398 2061 454 INFERNO.

555 569 720 645 ejus:
777 564 854 623 ad
897 563 1048 622 haec
1096 563 1317 639 Angeli
1358 563 1664 636 dixerunt,
1718 561 1875 637 quod
1925 561 2116 618 sciant
2154 559 2311 635 quod
2349 559 2485 619 talis
2528 559 2678 619 fides

555 674 616 727 et
651 683 842 741 usque
878 664 1016 722 talis
1055 663 1298 738 loquela
1335 666 1413 721 sit
1447 665 1506 721 in
1544 662 1791 736 mundo,
1849 669 1907 720 et
1950 663 2206 720 maxime
2254 663 2410 718 intra
2458 661 2676 720 Eccle-

552 769 736 838 siam,
793 764 947 841 quod
986 766 1182 823 mirati
1231 770 1404 837 sunt,
1460 763 1563 821 ubi
1614 771 1812 821 tamen
1855 769 1947 821 est
1991 762 2291 837 Verbum,
2350 762 2508 836 qnod
2540 762 2682 821 illos

553 868 731 927 docet
771 866 844 925 de
884 865 1098 939 Coelo,
1158 871 1216 924 et
1265 862 1339 924 de
1388 866 1518 941 ejus
1567 864 1981 939 conjunctione
2038 880 2169 921 cum
2217 864 2487 937 homine3
2544 881 2682 923 cum

551 976 753 1028 tamen
791 967 927 1025 talis
958 967 1293 1043 conjunctio
1332 968 1440 1035 sit,
1474 979 1540 1022 ut
1576 965 1752 1023 homo
1790 983 1864 1023 ne
1903 966 2203 1022 minimum
2236 967 2500 1040 cogitare
2530 982 2677 1040 pos-

554 1072 632 1128 sit
667 1068 896 1144 absque
934 1066 1245 1144 spiritibus
1286 1067 1340 1125 ei
1377 1066 1703 1143 adjunctiS,
1761 1072 1821 1124 et
1860 1065 2020 1141 quod
2060 1067 2183 1123 vita
2220 1066 2350 1142 ejus
2388 1067 2682 1142 spiritua-

552 1168 628 1229 lis
663 1170 802 1228 inde
839 1169 1135 1245 pendeat:
1178 1184 1424 1225 causam
1459 1168 1829 1242 ignorantiae
1866 1167 2045 1244 hujus
2083 1168 2170 1243 rei
2209 1166 2485 1224 dixerunt
2522 1183 2679 1237 esse,

555 1270 715 1347 quod
750 1270 927 1328 homo
980 1268 1185 1328 eredat
1235 1285 1301 1326 se
1341 1271 1547 1325 vivere
1591 1285 1661 1325 ex
1708 1284 1775 1324 se
1824 1266 2051 1343 absque
2093 1246 2276 1327 nexus
2304 1284 2435 1325 cum
2479 1268 2682 1324 Primo

553 1370 709 1430 Esse
746 1373 940 1443 vitae,
999 1377 1058 1428 et
1086 1369 1244 1444 quod
1272 1386 1387 1426 non
1425 1371 1579 1426 sciat
1623 1368 1780 1441 quod
1825 1385 2017 1426 nexus
2058 1367 2143 1425 illi
2182 1369 2258 1425 sit
2294 1386 2404 1443 per
2442 1367 2678 1441 Coelos.

556 1489 691 1532 cum
729 1478 928 1529 tamen
971 1470 1179 1544 hom0,
1244 1471 1296 1527 si
1332 1469 1671 1528 solveretur
1714 1468 1814 1526 ille
1853 1485 2072 1543 nexus,
2132 1455 2404 1527 actutum
2437 1468 2682 1557 caderet

554 1579 859 1630 mortuus:
917 1573 969 1628 si
1007 1571 1185 1628 homo
1228 1570 1501 1628 erederet
1548 1572 1704 1627 sieut
1756 1587 1867 1628 res·
1902 1572 1959 1626 in
2012 1587 2077 1628 se
2132 1577 2252 1642 est,
2312 1570 2469 1646 quod
2507 1587 2680 1627 omne

552 1672 775 1730 bonum
813 1674 891 1730 sit
927 1689 962 1728 a
997 1671 1286 1744 Domino,
1352 1679 1411 1728 et
1457 1688 1631 1728 omne
1675 1670 1897 1729 malum
1949 1670 2023 1728 ab
2071 1671 2328 1744 inferno,
2388 1678 2527 1730 tunc
2565 1668 2683 1727 non

552 1770 774 1835 bonum
813 1772 975 1848 apud
1028 1789 1094 1829 se
1142 1773 1504 1830 meritorium
1545 1772 1797 1840 faceret,
1870 1789 1980 1830 nec
2026 1775 2421 1846 imputaretur
2458 1775 2514 1831 ei
2550 1790 2680 1830 ma-

553 1872 679 1932 lum
695 1918 713 1949 ,
769 1891 905 1931 nam
945 1875 1030 1931 sic
1069 1875 1126 1929 in
1158 1875 1315 1931 omni
1347 1872 1504 1930 bono
1545 1873 1703 1949 quod
1740 1875 1962 1948 cogitat
2000 1880 2059 1931 et
2094 1874 2236 1930 facit
2274 1879 2578 1950 spectaret
2608 1872 2684 1930 ad

555 1970 912 2048 Dominum,
972 1980 1030 2032 et
1077 1992 1250 2033 omne
1290 1974 1539 2046 malum,
1598 1973 1758 2049 quod
1807 1974 2025 2040 influit,
2083 1975 2433 2050 rejiceretur
2473 1974 2547 2031 ad
2586 1977 2680 2032 iu·

554 2075 787 2133 fernum
826 2075 984 2132 unde
1025 2082 1143 2133 est:
1201 2075 1311 2132 sed
1347 2076 1488 2149 quia
1522 2075 1699 2132 homo
1741 2091 1858 2130 non
1888 2075 2075 2132 credit
2102 2075 2360 2150 aliquem
2399 2076 2682 2143 inssuxum

557 2193 592 2234 e
636 2176 807 2234 coelo
851 2182 910 2232 et
953 2191 1026 2231 ex
1062 2175 1327 2248 inferne,
1386 2182 1444 2232 et
1479 2175 1617 2233 inde
1657 2181 1832 2251 putat
1874 2176 2031 2249 quod
2070 2177 2129 2233 in
2167 2192 2233 2234 se
2274 2183 2333 2234 et
2358 2176 2493 2233 inde
2526 2175 2685 2252 quod

559 2293 598 2332 a
637 2291 703 2333 se
745 2277 862 2332 sint
912 2275 1110 2332 omnia
1152 2282 1306 2356 quae
1364 2277 1587 2350 cogitat
1629 2283 1688 2333 et
1724 2293 1879 2350 quae
1916 2275 2075 2347 vult,
2129 2277 2267 2336 ideo
2303 2277 2404 2335 ille
2453 2295 2680 2353 appro-

546 2378 716 2453 priat
754 2374 869 2433 sibi
912 2375 1167 2448 malum,
1227 2381 1286 2433 et
1320 2373 1540 2433 bonum
1587 2376 1743 2450 quod
1780 2376 1971 2434 influit
2008 2386 2369 2453 conspurcat
2405 2380 2634 2456 merito,

555 2546 679 2615 De
750 2543 1432 2642 Conjunctione
1508 2544 1764 2616 Coeli
1841 2572 2022 2616 cum
2095 2545 2445 2617 homine
2521 2571 2685 2644 per

1410 2646 1819 2717 Verbum.
2519 2653 2524 2654 ⁷

720 2783 883 2839 303.
941 2780 1040 2837 Illi
1078 2783 1179 2855 qui
1232 2799 1301 2838 ex
1342 2783 1572 2839 ratione
1615 2784 1895 2841 interiore
1945 2784 2235 2858 cogitant,
2292 2782 2495 2841 videre
2532 2800 2681 2860 pos·
2755 2833 2760 2838 .

561 2885 699 2938 sunt
723 2880 879 2955 quod
911 2882 1166 2937 omnium
1197 2898 1387 2938 nexus
1418 2884 1493 2938 sit
1521 2899 1631 2957 per
1652 2884 2001 2942 intermedia
2033 2901 2163 2940 cum
2195 2884 2412 2956 Primo,
2446 2893 2505 2942 et
2526 2885 2686 2961 quod

557 2980 842 3057 quicquid
870 2997 988 3036 non
1032 2981 1091 3036 in
1134 2998 1293 3039 nexu
1330 2988 1439 3050 est,
1478 2982 1738 3058 diffluat,
1778 2986 1974 3043 sciunt
2016 2986 2196 3063 enim,
2238 3002 2367 3043 eum
2398 2988 2679 3061 cogitant,

559 3080 720 3155 quod
760 3079 906 3138 nihil
934 3079 1266 3140 subsistere
1304 3084 1498 3157 possit
1529 3100 1564 3140 a
1591 3101 1685 3158 se,
1744 3084 1853 3143 sed
1882 3103 1918 3143 a
1945 3086 2127 3161 priori
2164 3078 2249 3159 se,
2287 3089 2372 3144 ita
2409 3089 2606 3146 omnia
2642 3104 2680 3144 a

484 3228 495 3242 .
551 3179 779 3256 Primo:
833 3186 892 3239 et
929 3180 1089 3257 quod
1115 3199 1306 3241 nexus
1338 3200 1466 3239 eum
1506 3187 1695 3259 priori
1735 3202 1802 3244 se
1843 3188 1921 3243 sit
1952 3188 2107 3243 sieut
2138 3195 2229 3244 est
2257 3187 2506 3246 effectus
2544 3204 2680 3246 eum

557 3299 671 3341 sua
717 3298 901 3341 causa
944 3282 1271 3353 efficiente,
1309 3300 1442 3341 cum
1482 3287 1638 3343 enim
1676 3286 1943 3344 aufertur
1981 3303 2166 3344 causa
2203 3288 2467 3347 efficiens
2497 3305 2534 3345 a
2569 3305 2682 3346 suo

554 3383 788 3458 effectu,
824 3387 964 3465 tune
994 3383 1240 3442 effectus
1273 3384 1529 3443 solvitur
1561 3396 1621 3445 et
1646 3386 1944 3469 dilabitur:
1986 3389 2127 3462 quia
2153 3389 2236 3445 ita
2266 3392 2682 3473 cogitauerunt

554 3484 732 3559 docti,
763 3485 897 3544 ideo
934 3484 1211 3543 viderunt
1243 3493 1301 3544 et
1331 3486 1626 3561 dixerunt,
1669 3488 1826 3562 quod
1852 3487 2241 3546 subsistentia
2277 3492 2354 3547 sit
2379 3495 2679 3566 perpetua

557 3587 904 3661 existentia,
968 3588 1053 3644 ita
1103 3587 1262 3661 quod
1300 3590 1496 3646 omnia
1538 3606 1573 3644 a
1607 3588 1825 3662 Primo,
1865 3606 1901 3645 a
1941 3588 2075 3667 Quo
2114 3591 2253 3665 quia
2301 3592 2678 3660 exstiterunt,

556 3686 737 3743 etiam
771 3693 1067 3763 perpetuo
1106 3690 1390 3763 existant,
1448 3689 1560 3747 hoe
1601 3698 1717 3763 est,
1775 3688 2126 3750 subsistant.
2197 3688 2319 3750 Sed
2356 3690 2548 3767 qualis
2588 3696 2681 3749 est

553 3795 744 3843 nexus
793 3788 1057 3863 cujusvis
1100 3791 1188 3846 rei
1226 3807 1359 3847 eum
1397 3790 1581 3865 priori
1618 3807 1714 3859 se,
1769 3792 1851 3847 ita
1888 3808 2018 3847 cum
2056 3790 2258 3849 Primo
2301 3810 2337 3848 a
2376 3791 2507 3867 Quo
2544 3808 2677 3849 om-

553 3887 684 3959 nia,
740 3902 858 3944 non
903 3889 1114 3961 paucis
1154 3888 1266 3946 dici
1306 3895 1535 3965 potest,
1599 3893 1740 3964 quia
1778 3896 1870 3949 est
1913 3893 2115 3950 varius
2165 3900 2226 3950 et
2264 3893 2563 3967 diversu53
2616 3893 2681 3949 in

554 4001 776 4061 genere
819 3986 1012 4045 solum
1048 3988 1212 4067 quod
1247 4003 1438 4047 nexus
1471 3992 1547 4047 sit
1574 3991 1781 4050 Mundi
1807 3992 2098 4050 naturalis
2129 4010 2262 4051 cum
2289 3992 2510 4051 Mundo
2549 3994 2678 4069 spi-

550 4085 781 4159 rituali,
839 4092 899 4144 et
945 4086 1105 4162 q'uod
1153 4087 1291 4146 inde
1351 4090 1429 4147 sit
1483 4091 1642 4166 quod
1692 4091 2239 4169 correspondentia
2286 4096 2366 4151 sit
2420 4096 2683 4153 omnium

555 4203 710 4262 quae
758 4188 819 4245 in
854 4187 1113 4245 naturali
1149 4187 1368 4247 mundo
1410 4197 1549 4248 sunt
1589 4209 1720 4250 cum
1760 4193 2031 4252 omnibus
2076 4212 2231 4269 quae
2271 4196 2327 4251 in
2363 4195 2683 4271 spirituali,

558 4286 631 4347 ele
672 4305 788 4365 qua
831 4287 1377 4365 Correspondentia
1413 4291 1689 4384 videatur
1726 4312 1793 4352 n:
1819 4296 1985 4353 ,103
2023 4295 2098 4352 ad
2134 4300 2160 4353 1
2185 4298 2212 4353 1
2235 4297 2265 4354 5
2294 4315 2308 4370 3
2368 4301 2489 4354 turn
2523 4294 2682 4373 quod
