3013 5114
567 459 676 512 164
908 446 963 497 ’ἓξ
1180 448 1276 501 DE
1322 445 1555 502 COELO
1598 445 1693 500 ΕΤ
1731 444 2061 502 INFERNO.

721 611 883 668 298.
942 607 1198 684 Spiritus
1233 608 1334 683 qui
1360 606 1522 683 apud
1551 607 1849 665 hominem
1878 612 1997 665 tam
2038 609 2136 683 qui
2167 606 2477 682 'conjuncti
2513 607 2682 668 coelo

563 717 701 770 sunt
756 728 930 786 quam
980 712 1081 786 qui
1130 709 1433 786 conjuncti
1477 709 1737 778 inferno,
1789 719 2081 783 nusquam
2138 708 2390 765 influunt
2437 684 2686 768 ex⁰sua

563 813 851 871 memoria
886 817 946 870 et
980 810 1114 868 inde
1153 812 1511 886 cogitatione
1549 808 1712 885 apud
1745 809 2071 877 hominem,
2108 826 2242 866 nam
2283 809 2331 865 si
2370 810 2686 868 influerent

565 927 637 970 ex
673 930 786 971 sua
839 914 1231 989 cogitatione,
1283 910 1459 969 homo
1496 928 1614 968 non
1651 906 1824 969 aliter
1871 912 2051 968 sciret
2098 927 2275 985 quam
2323 910 2481 985 quod
2526 929 2681 986 quae

560 1014 793 1072 illorum
834 1019 998 1087 sunt,
1039 1013 1406 1086 sua·f0rent,
1463 1011 1734 1069 videatur
1771 1028 1958 1086 supra
1994 1030 2062 1068 n:
2115 1012 2286 1086 2563
2342 1011 2452 1069 sed
2487 1028 2681 1087 usque

561 1133 672 1192 per
706 1114 842 1172 illos
883 1115 1073 1172 influit
1110 1113 1270 1190 apud
1306 1112 1604 1171 hominem
1633 1130 1664 1169 c
1699 1110 1879 1171 Coelo
1920 1111 2153 1170 affectio
2194 1129 2346 1186 quae
2386 1120 2480 1170 est
2517 1130 2685 1172 amo-

562 1218 643 1274 ris
680 1215 820 1273 boni
858 1221 918 1273 et
950 1217 1107 1289 veri,
1166 1220 1225 1272 et
1261 1232 1332 1271 ex
1372 1214 1600 1271 inferno
1643 1212 1874 1270 affectio
1925 1229 2080 1287 quae
2130 1219 2223 1269 est
2269 1213 2486 1271 amoris
2536 1214 2684 1273 mali

565 1324 623 1374 et
657 1317 823 1390 falsi,
882 1323 1169 1393 quantum
1207 1317 1407 1389 itaque
1452 1315 1708 1371 hominis
1763 1313 1996 1371 affectio
2050 1313 2370 1372 concordat
2407 1310 2540 1372 cuin
2578 1314 2686 1374 illa

563 1435 716 1493 quae
753 1417 973 1491 influit,
1030 1423 1255 1474 tanturn
1298 1416 1586 1490 recipitur
1623 1413 1829 1472 abillo
1866 1418 1923 1470 in
1961 1431 2072 1472 sua
2118 1416 2506 1489 cogitatione,
2544 1432 2682 1474 nam

558 1519 803 1576 interior
856 1519 1136 1592 cogitatio
1188 1516 1441 1573 hominis
1499 1521 1592 1572 est
1640 1531 1888 1590 prorsus
1946 1514 2274 1573 secundum
2338 1516 2468 1592 ejus
2530 1516 2679 1575 affe-

562 1620 815 1676 ctionem
846 1634 956 1675 seu
997 1634 1289 1690 amorem3
1348 1622 1636 1691 quantum
1665 1621 1866 1672 autem
1903 1633 2019 1673 non
2057 1615 2405 1690 concordat,
2447 1622 2683 1676 tantum

558 1735 676 1775 non
725 1720 1044 1794 recipitur:
1110 1717 1246 1775 inde
1288 1723 1482 1793 patet,
1545 1720 1686 1792 quia
1729 1734 1846 1774 non
1894 1717 2143 1774 infertur
2198 1718 2478 1793 cogitatio
2517 1718 2682 1794 apud

557 1819 854 1877 hominem
893 1836 1002 1894 per
1039 1819 1301 1894 spiritus,
1345 1817 1452 1876 sed
1481 1817 1940 1876 solumaffectio
1976 1817 2116 1875 boni
2154 1824 2214 1875 et
2251 1818 2487 1875 affectio
2515 1819 2676 1895 mali,

560 1920 721 1995 quod
755 1921 979 1979 homini
1018 1923 1095 1977 sit
1132 1919 1375 1990 elect-ic,
1435 1919 1575 1993 quia
1609 1918 1893 1990 liberum,
1950 1920 2034 1976 ita
2071 1918 2230 1994 quod
2277 1919 2471 1994 possit
2508 1922 2675 1996 cogi-

525 1999 779 2079 'tatione
817 2022 1086 2096 recipcre
1121 2019 1342 2077 bonum
1382 2026 1440 2077 ct
1476 2020 1727 2096 rejicere
1766 2019 1986 2076 malum
2000 2038 2013 2092 3
2070 2036 2205 2076 nam
2245 2021 2359 2077 scit
2390 2020 2530 2094 quid
2564 2020 2677 2079 bo-

556 2140 696 2178 num
749 2129 807 2179 et
856 2121 995 2196 quid
1040 2121 1259 2177 malum
1315 2138 1383 2177 cx
1439 2100 1675 2194 Verb03
1733 2119 1891 2195 quod
1934 2122 2146 2195 recipit
2196 2120 2554 2196 cogitatione
2605 2139 2680 2180 ex

556 2220 899 2288 affcctione,
953 2221 1065 2277 hoc
1106 2222 1282 2277 etiam
1322 2221 1748 2295 appropriatur
1785 2221 1871 2293 ei,
1929 2220 2090 2296 quod
2126 2227 2324 2278 autom
2366 2239 2480 2279 non
2519 2224 2676 2282 reci-

554 2322 643 2396 pit
670 2323 1027 2396 cogitatione
1060 2337 1133 2377 ex
1175 2321 1513 2392 affcctione,
1558 2319 1669 2376 hoc
1706 2337 1823 2377 non
1860 2323 2284 2397 appropriatur
2320 2324 2406 2380 ei:
2477 2340 2550 2381 ex
2585 2324 2678 2381 his

557 2427 829 2482 constare
867 2426 1067 2498 potest
1116 2421 1308 2496 qualis
1350 2426 1442 2478 est
1483 2422 1742 2479 influxus
1779 2419 1919 2479 boni
1957 2437 1989 2480 e
2030 2421 2214 2481 Coelo
2229 2464 2247 2497 ,
2304 2439 2373 2482 ac
2420 2424 2677 2482 influxus

552 2524 689 2583 mali
733 2540 806 2582 ex
848 2523 1076 2582 inferno
1121 2523 1279 2600 apud
1327 2522 1645 2582 hominem.

708 2628 871 2684 299.
925 2626 1151 2684 Datum
1188 2628 1366 2683 ctiam
1406 2631 1498 2681 est
1533 2627 1720 2690 scire,
1771 2624 1929 2682 unde
1964 2624 2187 2683 homini
2228 2626 2515 2700 anxietas,
2567 2625 2678 2685 do-

551 2728 641 2784 lor
687 2729 865 2784 animi
908 2745 977 2784 ac
1018 2728 1260 2785 tristitia
1303 2728 1546 2783 interior
1583 2743 1738 2806 quac
1778 2725 2179 2784 Melancholia
2207 2733 2486 2784 vocatur:
2539 2733 2677 2785 sunt

552 2826 811 2901 Spiritus
850 2829 949 2902 qui
987 2826 1249 2884 nondum
1298 2828 1356 2883 in
1395 2825 1811 2901 conjunctione
1851 2843 1983 2885 cum
2024 2825 2263 2885 Inferno
2311 2833 2477 2900 sunt,
2535 2830 2676 2903 quia

551 2926 745 2984 adhuc
783 2929 842 2982 in
880 2927 1071 3001 primo
1114 2942 1222 2983 suo
1265 2931 1454 2998 statu,
1521 2925 1592 2983 de
1635 2926 1850 3001 quibus
1888 2929 1948 2984 in
1986 2927 2403 3002 sequentibuS,
2460 2929 2566 2986 ubi
2601 2929 2673 2987 de

547 3025 772 3087 Mundo
819 3027 1164 3102 spirituum,
1223 3026 1481 3096 dicotur,
1544 3025 1630 3083 illi
1687 3033 1886 3084 amant
1933 3028 2230 3104 indigesta
2282 3035 2340 3086 et
2393 3029 2670 3105 maligna,

551 3125 753 3202 qualia
788 3131 925 3183 sunt
962 3125 1436 3184 sordescentium
1477 3126 1743 3185 ciborum
1781 3129 1841 3185 in
1878 3127 2262 3203 Ventriculo,
2305 3137 2674 3206 quapropter

550 3226 769 3285 adsunt
808 3226 908 3285 ubi
949 3226 1089 3284 talia
1134 3226 1295 3303 apud
1346 3227 1677 3299 hominem,
1746 3230 1888 3305 quia
1939 3212 2045 3287 illa
2090 3231 2163 3287 iis
2203 3235 2344 3287 sunt
2382 3229 2671 3307 jucunda,

553 3340 622 3387 ac
659 3330 812 3387 inter
853 3344 918 3387 sc
961 3346 1033 3385 ox
1069 3345 1182 3385 sua
1212 3327 1524 3386 affectione
1561 3328 1720 3386 mala
1765 3329 1845 3386 ibi
1889 3328 2244 3405 loquuntur3
2301 3331 2535 3390 affectio
2576 3330 2671 3390 lo·
2739 3343 2744 3346 '

550 3430 765 3506 quc-lae
821 3435 1041 3488 eorum'
1080 3431 1267 3486 inssuit
1318 3429 1453 3486 inde
1515 3429 1677 3505 apud
1727 3427 2059 3500 hominem,
2128 3447 2284 3507 quae
2333 3431 2567 3492 affectio
2621 3433 2673 3490 si

548 3534 847 3629 contraria
885 3537 976 3589 est
1012 3530 1308 3589 affectioni
1344 3530 1627 3605 hominis,
1682 3529 1748 3587 fit
1785 3532 1841 3589 ei
1877 3532 2119 3589 tristitia
2149 3537 2207 3590 et
2238 3535 2508 3592 anxietas
2538 3535 2668 3593 rue-2

544 3632 905 3708 lancholica,
963 3633 1015 3691 si
1052 3639 1252 3692 autem
1291 3634 1600 3707 convenit,
1657 3630 1722 3689 fit
1761 3632 1817 3690 ei
1862 3631 2094 3690 laet-itia
2132 3638 2190 3691 et
2225 3632 2529 3694 hilaritas:
2582 3634 2673 3694 illi

547 3817 687 3879 sim,
732 3834 797 3867 n:
844 3826 1012 3879 5482.
1054 3826 1221 3882 5849.
1255 3828 1421 3880 6027.
1457 3828 1624 3880 8885.
1656 3828 1824 3880 8701.
1868 3826 2073 3880 10153.
2156 3819 2329 3896 Quod
2369 3785 2669 3891 vinxqime

542 3891 738 3946 influit
770 3910 801 3944 a
838 3895 1089 3948 Domino
1130 3897 1392 3949 varietur
1428 3896 1742 3950 secundum
1794 3907 2001 3950 statum
2044 3897 2328 3960 hominis,
2373 3907 2428 3949 et
2471 3913 2668 3948 secun-

544 3968 679 4020 dum
720 3970 1139 4040 receptionem,
1186 3990 1254 4023 n:
1299 3980 1466 4032 2069.
1506 3981 1675 4032 5986.
1707 3981 1877 4033 6472.
1909 3980 2077 4033 7343.
2162 3972 2328 4037 Quod
2368 3972 2522 4043 apud
2557 3988 2672 4025 ma·

543 4043 664 4106 los,
727 4044 978 4107 bonum,
1045 4046 1201 4117 quod
1246 4046 1432 4099 influit
1470 4065 1499 4098 a
1545 4048 1828 4114 Domino,
1891 4058 2154 4101 vertatur
2196 4049 2255 4101 in
2310 4049 2556 4112 malum,
2615 4057 2673 4102 et

541 4135 747 4171 verum
789 4119 847 4171 in
894 4119 1132 4186 salsum,
1198 4121 1268 4173 ab
1311 4123 1701 4193 experientia,
1759 4142 1825 4177 n:
1872 4131 2038 4185 3643.
2086 4132 2254 4186 4632.
2338 4123 2507 4190 Quod
2549 4132 2670 4176 tan·

543 4206 662 4247 tum
703 4194 1024 4266 recipiatur
1061 4196 1282 4249 bonum
1322 4209 1378 4251 et
1419 4198 1554 4252 inde
1598 4217 1831 4263 verum,
1887 4199 2044 4273 quod
2087 4202 2363 4255 continue
2408 4199 2600 4254 influit
2639 4215 2673 4252 a

544 4271 817 4336 Domine,
865 4284 1141 4344 quantum
1180 4290 1300 4326 non
1342 4274 1532 4329 obstat
1577 4277 1788 4329 malum
1833 4287 1891 4331 et
1931 4277 2064 4331 inde
2102 4277 2332 4341 falsum,
2374 4295 2445 4355 ne
2491 4283 2670 4338 2411.

545 4351 708 4409 3142.
755 4353 921 4409 3147.
970 4355 1136 4410 5828.
