3013 5114
570 429 639 482 38
1187 416 1279 469 DE
1325 414 1560 470 COELO
1601 414 1695 467 ET
1734 413 2070 472 INFERNO.

569 587 666 638 tur
703 580 843 655 quia
876 594 993 635 non
1021 578 1109 636 eis
1146 591 1214 635 os
1251 582 1312 632 et
1346 575 1572 651 lingua.
1625 574 1721 632 Ad
1755 573 1907 632 haec
1935 564 2150 648 Angeli
2192 570 2486 646 dixerunt,
2527 570 2687 647 quod

569 681 762 739 sciant
799 677 959 754 quod
994 676 1131 737 talis
1165 676 1315 735 fides
1365 677 1445 735 sit
1495 672 1698 747 multis
1747 677 1809 732 in
1858 672 2107 747 mundo,
2165 677 2225 732 et
2275 671 2436 748 quod
2477 680 2688 748 regnet

568 779 730 858 apud
763 777 1077 852 Eruditos,
1133 783 1192 837 et
1232 793 1499 853 quoque,
1554 775 1715 853 quod
1740 775 1936 833 mirati
1972 779 2141 847 sunt,
2181 772 2344 849 apud
2383 771 2683 832 Sacerdo-

569 888 697 941 tes:
753 894 1000 939 causam
1039 878 1214 938 etiam
1270 877 1580 952 dixerunt,
1643 874 1802 952 quod
1848 873 2109 944 Eruditi,
2160 875 2263 951 qui
2312 875 2687 950 antesignani

567 983 836 1054 fuerunt,
899 986 960 1038 et
1007 980 1265 1057 primum
1315 977 1702 1037 excluserunt
1738 975 1921 1034 talem
1968 973 2164 1034 ideam
2213 975 2288 1034 de
2338 974 2589 1051 Angelis
2628 981 2687 1034 et

571 1062 930 1159 Spiritibus,
992 1097 1067 1139 ex
1105 1078 1489 1138 sensualibus
1530 1079 1758 1138 externi
1792 1076 2046 1135 hominis
2095 1075 2180 1136 de
2212 1075 2331 1134 illis
2380 1077 2687 1152 cogitave-

568 1184 715 1258 rint3
772 1187 834 1241 et
871 1183 976 1259 qui
1016 1199 1091 1240 ex
1126 1181 1245 1239 illis
1284 1181 1580 1256 cogitant,
1634 1183 1695 1236 et
1728 1194 1846 1236 non
1875 1194 1949 1235 ex
1983 1175 2119 1235 luce
2161 1177 2475 1250 interiore,
2516 1182 2578 1234 et
2613 1194 2686 1234 ex

570 1283 709 1344 idea
746 1284 1047 1343 communi
1083 1299 1238 1357 quae
1272 1282 1453 1339 insita
1494 1281 1705 1348 cuivis,
1742 1295 1862 1336 non
1888 1278 2123 1355 possint
2148 1277 2323 1336 aliter
2360 1294 2537 1353 quam
2571 1276 2684 1334 fin·-

568 1402 714 1461 gere
765 1383 939 1458 talia,
997 1384 1274 1458 quoniam
1325 1380 1632 1440 sensualia
1678 1381 1908 1439 externi
1956 1377 2213 1436 hominis
2266 1395 2384 1437 non
2442 1381 2689 1455 capiunt

569 1483 690 1543 alia
726 1500 904 1558 quam
942 1499 1096 1558 quae
1133 1484 1288 1540 intra
1321 1488 1596 1539 naturam
1631 1486 1798 1555 sunt,
1864 1495 1981 1537 non
2034 1485 2233 1537 autem
2286 1496 2439 1555 quae
2477 1495 2682 1554 supra,

567 1587 652 1643 ita
686 1582 832 1642 nihil
868 1586 1185 1659 quicquam
1215 1583 1289 1640 de
1326 1581 1623 1659 spirituali
1658 1580 1877 1640 mundo
1910 1576 2031 1660 (a):
2088 1597 2161 1638 ex
2198 1580 2289 1638 his
2317 1580 2688 1655 Antesigna-

569 1685 662 1742 nis
699 1690 766 1741 ut
802 1682 1054 1742 ducibus
1092 1683 1366 1742 derivata
1402 1689 1495 1742 est
1530 1681 1762 1741 falsitas
1799 1682 2174 1758 cogitationis
2212 1680 2287 1739 de
2323 1678 2570 1755 Angelis
2608 1681 2686 1737 ad

569 1783 755 1860 alios,
810 1785 911 1860 qui
948 1802 1021 1843 ex
1059 1801 1126 1843 se
1163 1801 1281 1843 non
1316 1785 1733 1860 cogitaverunt
1767 1782 1878 1842 sed
1905 1799 1974 1842 ex
2010 1781 2130 1840 illis
2143 1825 2158 1855 ,
2200 1787 2259 1840 et
2296 1783 2396 1856 qui
2435 1797 2510 1863 ex
2544 1780 2681 1838 aliis

567 1887 824 1962 primum
878 1887 1165 1961 cogitant,
1224 1892 1284 1943 et
1332 1885 1562 1944 faciunt
1613 1883 1978 1958 suaefidei,
2052 1890 2113 1940 et
2163 1889 2378 1959 postea
2421 1880 2527 1939 illa
2572 1896 2686 1939 suo

568 1985 878 2046 intellectu
918 1988 1250 2061 intuentur,
1308 2003 1490 2062 aegre
1526 1990 1784 2062 possunt
1828 1984 1902 2042 ab
1950 1983 2070 2042 illis
2121 1983 2438 2058 recedere,
2496 1999 2685 2057 quare

564 2085 839 2163 plerique
908 2089 1297 2163 acquiescunt
1357 2088 1421 2144 in
1481 2084 1885 2144 confirmando
1933 2083 2056 2142 illa.
2156 2085 2342 2143 Porro
2393 2083 2685 2153 dixerunt,

570 2187 729 2262 quod
767 2185 1071 2262 simplices
1111 2185 1228 2246 fide
1275 2192 1334 2245 et
1370 2185 1551 2245 corde
1587 2202 1706 2243 non
1745 2186 1806 2242 in
1840 2183 1945 2242 illa
1977 2184 2117 2243 idea
2153 2184 2227 2243 de
2263 2184 2512 2260 Angelis
2549 2187 2685 2257 sint,

567 2285 678 2345 sed
710 2288 771 2345 in
803 2284 943 2345 idea
979 2284 1052 2345 de
1091 2285 1211 2344 illis
1248 2288 1405 2345 sicut
1440 2285 1516 2345 de
1553 2284 1893 2344 hominibus
1942 2285 2130 2355 coeli,
2194 2303 2269 2343 ex
2318 2301 2507 2343 causa
2545 2287 2688 2362 quia

563 2402 683 2445 non
720 2387 1134 2446 exstinxerunt
1166 2387 1410 2445 insitum
1446 2402 1622 2446 suum
1648 2385 1808 2462 quod
1845 2402 1877 2445 e
1915 2385 2083 2445 coelo
2118 2404 2229 2462 per
2267 2386 2680 2459 eruditionem,

566 2504 678 2548 nec
715 2489 962 2567 capiunt
1003 2487 1230 2566 aliquid
1266 2487 1496 2566 absque
1540 2487 1763 2546 forma:
1819 2486 1958 2545 inde
1996 2493 2118 2563 est,
2178 2487 2337 2564 quod
2371 2487 2589 2564 Angeli
2626 2490 2687 2546 in

576 2589 851 2668 Templis
865 2635 882 2666 ,
945 2591 1074 2650 sive
1114 2590 1336 2667 sculpti
1378 2593 1509 2650 sive
1558 2591 1735 2666 picti,
1791 2605 1911 2648 non
1952 2589 2126 2647 aliter
2172 2592 2460 2648 sistantur
2508 2606 2687 2664 quam

565 2698 634 2749 ut
665 2691 958 2751 homines.
1037 2691 1134 2751 De
1181 2694 1357 2751 insito
1396 2690 1557 2767 quod
1594 2707 1626 2750 e
1672 2689 1855 2750 Coelo
1894 2689 2204 2765 dicebant,
2259 2690 2418 2767 quod
2452 2690 2531 2747 sit
2569 2690 2686 2747 Di-

458 2779 477 2804 *
565 2792 767 2850 vinum
801 2792 1056 2850 influens
1092 2791 1254 2868 apud
1287 2791 1424 2850 illos
1464 2794 1568 2866 qui
1603 2791 1663 2849 in
1701 2790 1859 2849 bono
1894 2790 2034 2850 fidei
2072 2799 2131 2850 et
2167 2793 2325 2850 vitae
2363 2798 2517 2849 sunt.

726 2892 835 2949 75.
892 2889 987 2950 Ab
1033 2894 1191 2949 omni
1228 2892 1632 2967 experientia,
1684 2908 1838 2966 quae
1875 2908 2030 2949 nunc
2071 2899 2162 2949 est
2196 2892 2457 2967 plurium
2495 2908 2685 2949 anno·

563 3008 724 3064 rum,
781 2990 983 3048 dicere
1023 2997 1082 3049 et
1117 3007 1474 3049 asseverare
1522 3005 1805 3065 possum,
1873 2990 2034 3067 quod
2069 2992 2287 3068 Angeli
2323 2991 2522 3067 quoad
2555 2992 2683 3050 for-

570 3108 733 3149 mam
778 3107 950 3149 suam
999 3093 1118 3148 sint
1152 3106 1404 3166 prorsus
1441 3090 1747 3164 homines,
1800 3091 1961 3166 quod
1996 3090 2111 3151 illis
2154 3095 2273 3150 sint
2310 3092 2518 3162 facieS,
2564 3095 2686 3151 sint

564 3191 754 3261 oculi,
791 3207 999 3265 aureS,
1036 3198 1285 3267 pectus,
1323 3190 1601 3264 brachia,
1641 3208 1884 3262 manus,
1925 3191 2148 3268 pedes3
2190 3193 2348 3268 quod
2372 3210 2441 3252 se
2477 3200 2686 3251 mutuo

564 3291 834 3366 videant,
875 3290 1150 3362 audiant,
1193 3291 1517 3367 loquantur
1556 3294 1712 3349 inter
1747 3308 1813 3350 se
1826 3312 1843 3368 3
1894 3292 2110 3365 verbo,
2158 3293 2315 3368 quod
2352 3293 2471 3352 illis
2506 3310 2686 3370 pror-

561 3409 668 3453 sus
704 3392 852 3452 nihil
888 3392 1071 3468 desit,
1128 3392 1287 3469 quod
1323 3398 1417 3451 est
1450 3392 1744 3467 hominis,
1782 3401 2028 3470 praeter
2064 3393 2221 3470 quod
2259 3411 2375 3453 non
2401 3395 2685 3471 superin-

563 3493 691 3554 duti
741 3497 860 3554 sint
912 3493 1209 3553 materiali
1259 3510 1544 3570 corpore:
1599 3494 1723 3551 vidi
1773 3494 1911 3552 illos
1955 3497 2018 3553 in
2063 3495 2231 3569 luce,
2298 3512 2453 3571 quae
2490 3495 2689 3554 lucem

560 3594 949 3654 meridianam
984 3594 1187 3654 mundi
1235 3594 1439 3654 multis
1491 3593 1779 3671 gradibus
1818 3595 2086 3670 excedit,
2145 3602 2204 3655 et
2252 3596 2310 3653 in
2346 3594 2453 3654 illa
2487 3597 2688 3654 omnia

711 3860 795 3925 (a)
852 3859 1018 3926 Quod
1064 3865 1239 3916 homo
1280 3862 1392 3916 nisi
1439 3881 1469 3916 a
1514 3863 1881 3917 sensualibus
1928 3864 2149 3917 externi
2207 3864 2456 3917 hominis
2498 3864 2683 3916 eleve-

559 3947 688 3998 tur,
731 3953 937 4007 parum
977 3939 1193 4008 sapiat,
1250 3957 1318 3991 n:
1361 3946 1530 4000 5089.
1613 3938 1781 4004 Quod
1830 3940 2060 4010 sapiens
2110 3941 2287 3993 homo
2346 3957 2522 4012 supra
2558 3956 2682 3993 sen-

561 4012 741 4066 sualia
783 4011 880 4066 illa
922 4013 1170 4085 cogitet,
1213 4032 1282 4066 n:
1329 4021 1497 4075 5089.
1541 4023 1710 4077 5094.
1796 4015 1941 4068 Cum
1984 4015 2248 4069 elevatur
2293 4018 2465 4070 homo
2507 4031 2684 4087 supra

561 4088 843 4141 sensualia
897 4087 1027 4153 illa,
1091 4089 1250 4161 quod
1305 4089 1364 4141 in
1417 4090 1614 4143 lumen
1666 4090 1882 4145 clarius
1935 4092 2160 4157 veniat,
2225 4102 2282 4146 et
2334 4090 2566 4145 tandem
2623 4089 2683 4142 in

558 4164 745 4216 lucem
773 4165 1119 4228 coelestem,
1161 4182 1234 4218 n:
1272 4172 1442 4226 6183.
1475 4174 1645 4227 6313.
1677 4174 1847 4227 6315.
1894 4174 2065 4228 9407.
2094 4177 2264 4230 9730·
2296 4176 2467 4229 9922.
2513 4165 2683 4231 Quod

559 4239 809 4294 elevatio
846 4250 904 4295 et
942 4239 1220 4296 abductio
1258 4260 1290 4297 a
1330 4242 1695 4297 sensualibus
1732 4243 1849 4296 illis
1896 4244 2153 4317 antiquis
2195 4255 2331 4299 nota
2372 4243 2573 4306 fuerit,
2615 4258 2699 4297 nz.

560 4323 729 4378 6313.
