3013 5114
608 428 671 476 13
1214 414 1305 467 DE
1347 413 1582 469 COELO
1624 412 1717 466 ET
1757 411 2088 467 INFERNO.

603 580 659 633 in
686 577 947 633 Externo
978 581 1134 645 sunt,
1176 579 1465 630 vocantur
1490 572 1574 630 ibi
1601 572 1819 648 Angeli
1848 574 2096 631 externi.
2149 571 2477 628 Externum
2510 577 2572 629 et
2606 570 2719 629 In-

604 684 836 733 ternum
871 677 930 732 in
971 673 1200 747 Coche,
1258 691 1367 731 seu
1418 675 1474 729 in
1521 675 1854 747 unoquovis
1903 671 2113 745 Coe10‚
2169 687 2236 729 se
2283 670 2509 729 habent
2558 672 2721 730 sicut

602 775 1020 833 Voluntarium
1077 780 1136 831 et
1180 774 1309 850 ejus
1359 772 1777 832 Intellectuale
1828 772 1990 849 apud
2024 773 2351 845 hominem,
2405 770 2721 830 Internum

599 877 754 932 sicut
790 875 1211 933 Voluntarium
1251 882 1309 932 et
1338 876 1661 932 Externum
1690 876 1844 932 sicut
1882 874 2012 949 ejus
2051 871 2501 947 Intellectuale,·
2540 888 2719 931 omne

598 976 997 1034 voluntarium
1046 975 1229 1032 habet
1278 991 1451 1032 suum
1500 974 1941 1047 intellectuale;
2001 990 2183 1030 unum
2244 971 2473 1048 absque
2525 972 2719 1032 altero

597 1093 713 1134 non
752 1075 950 1133 datur:
1006 1092 1072 1133 se
1127 1076 1309 1133 habet
1356 1075 1757 1134 voluntarium
1809 1076 1964 1133 sicut
1998 1074 2404 1149 comparative
2458 1073 2720 1143 flamma,

600 1184 659 1235 et
698 1176 1108 1235 intellectuale
1149 1178 1278 1253 ejus
1317 1178 1473 1233 sicut
1509 1175 1610 1233 lux
1645 1175 1801 1232 inde.

808 1280 918 1337 33.
975 1277 1170 1336 Probe
1208 1276 1515 1333 sciendum
1560 1283 1677 1347 est,
1730 1274 1889 1350 quod
1924 1276 2210 1334 interiora
2246 1274 2410 1349 apud
2444 1273 2717 1350 Angelos

598 1380 846 1450 saciant,
904 1384 968 1435 ut
1004 1378 1220 1434 sintin
1272 1393 1389 1433 uno
1437 1382 1541 1433 aut
1590 1377 1649 1433 in
1698 1375 1888 1435 altero
1935 1374 2147 1448 Coe103
2205 1391 2322 1448 quo
2362 1375 2518 1433 enim
2555 1376 2720 1434 inte-

599 1481 758 1535 riora
795 1479 1097 1552 apertiora
1132 1473 1210 1532 ad
1248 1476 1570 1533 Dominum
1609 1482 1774 1549 sunt,
1823 1493 1893 1535 eo
1929 1478 1990 1533 in
2024 1476 2293 1533 interiori
2333 1472 2517 1534 Coelo
2555 1481 2717 1533 sunt.

601 1577 752 1636 Tres
778 1576 1001 1652 gradus
1033 1577 1379 1633 interiorum
1414 1582 1554 1633 sunt
1583 1576 1747 1652 apud
1773 1577 2230 1651 unumquemvis
2267 1582 2390 1633 tam
2414 1573 2722 1651 Angelum

601 1694 777 1751 quam
829 1675 1155 1752 Spiritum,
1210 1682 1270 1733 et
1321 1692 1559 1751 quoque
1614 1676 1775 1752 apud
1822 1676 2169 1751 Hominem3
2223 1675 2311 1734 illi
2357 1674 2518 1751 apud
2566 1690 2721 1751 quos

596 1779 809 1836 tertius
847 1776 1068 1851 gradus
1106 1781 1356 1851 apertus
1396 1783 1516 1851 est,
1571 1775 1634 1834 in
1671 1777 1876 1835 intimo
1917 1775 2099 1836 Coelo
2139 1784 2278 1835 sunt
2292 1797 2307 1851 3
2364 1774 2528 1852 apud
2566 1791 2721 1851 quos

598 1877 936 1950 secundus,
989 1884 1093 1935 aut
1127 1876 1302 1935 modo
1346 1879 1606 1953 primus),
1669 1876 1756 1935 illi
1793 1879 1853 1936 in
1896 1877 2090 1935 medio
2129 1884 2232 1935 aut
2282 1877 2491 1934 ultimo
2531 1874 2720 1936 Coelo

597 1986 769 2037 sunt:
837 1980 1120 2038 interiora
1179 1980 1530 2053 aperiuntur
1574 1996 1685 2055 per
1733 1979 2140 2054 receptionem
2188 1977 2395 2037 Divini
2443 1975 2600 2035 Boni
2645 1993 2720 2039 ac

596 2080 802 2139 Divini
838 2080 1015 2137 Veri:
1075 2080 1173 2152 qui
1224 2077 1563 2136 afficiuntur
1597 2080 1834 2136 Divinis
1871 2078 2077 2152 Veris»,
2137 2084 2197 2136 et
2249 2077 2566 2135 admittunt
2612 2075 2723 2136 illa

599 2180 799 2235 statim
837 2180 896 2233 in
933 2180 1145 2250 vitam,
1199 2179 1285 2234 ita
1317 2179 1377 2234 in
1422 2178 1789 2235 voluntatem
1844 2185 1904 2237 et
1937 2177 2074 2236 inde
2114 2186 2350 2249 actum,
2402 2180 2462 2236 in
2511 2177 2720 2236 intimo

598 2294 707 2336 seu
748 2279 923 2335 tertio
966 2277 1135 2335 coelo
1174 2284 1340 2350 sunt,
1400 2284 1458 2335 et
1505 2278 1588 2336 ibi
1633 2279 1963 2336 secundum
2010 2281 2418 2355 receptionem
2458 2278 2600 2337 boni
2639 2295 2723 2337 ex

599 2377 911 2438 affcctione
942 2380 1095 2451 veri3
1152 2379 1252 2452 qui
1290 2384 1491 2435 autem
1521 2395 1638 2435 non
1677 2378 1993 2436 admittunt
2019 2378 2125 2437 illa
2151 2381 2354 2437 statim
2387 2366 2453 2437 'in
2487 2378 2713 2441 volun.-

598 2486 813 2551 tatem‚
864 2478 973 2537 sed
1006 2481 1066 2537 in
1103 2480 1449 2538 memoriam
1479 2479 1701 2538 atinde
1740 2478 2145 2551 intellectum,
2202 2486 2262 2538 et
2299 2497 2372 2537 ex
2401 2497 2471 2538 eo
2501 2478 2726 2540 volunt

602 2589 660 2639 et
698 2582 920 2641 faciunt
961 2598 1062 2651 ea,
1116 2581 1203 2639 illi
1247 2583 1306 2638 in
1356 2581 1551 2640 medio
1589 2599 1697 2640 seu
1741 2580 2006 2640 secundo
2053 2580 2223 2639 coelo
2273 2587 2445 2639 sunt:
2502 2585 2565 2638 at
2615 2583 2721 2657 qui

598 2684 904 2741 moraliter
950 2685 1190 2756 vivunt,
1250 2689 1309 2741 et
1346 2683 1599 2741 credunt
1640 2683 1956 2751 Divinum,
2008 2698 2119 2740 nec
2156 2687 2470 2757 tantopere
2507 2687 2722 2739 curant

604 2786 847 2855 instrui,
902 2780 989 2839 illi
1023 2785 1083 2839 in
1122 2783 1328 2839 ultimo
1374 2798 1485 2839 seu
1521 2786 1713 2857 primo
1761 2779 1927 2842 coelo
1974 2787 2113 2839 sunt
2153 2778 2297 2862 (qq).
2381 2781 2528 2840 Inde
2569 2798 2714 2842 con-

599 2888 762 2938 stare
799 2887 1028 2955 potest,
1088 2879 1248 2955 quod
1285 2887 1477 2937 status
1517 2882 1865 2939 interiorum
1906 2881 2127 2939 saciant
2159 2881 2425 2956 Coelum,
2469 2888 2530 2941 et
2557 2881 2720 2956 quod

604 2980 853 3040 Coelum
896 2981 975 3037 sit
1026 2982 1184 3037 intra
1239 2982 1728 3056 unumquemviS,
1800 2987 1859 3039 ct
1907 2997 2028 3038 non
2076 2986 2246 3040 extra
2285 2981 2454 3039 illum
2469 3002 2485 3057 3
2556 2982 2719 3056 quod

604 3082 783 3139 etiam
828 3080 1122 3138 Dominus
1165 3080 1369 3154 docet,
1423 3080 1702 3156 dicendO,
1762 3078 1960 3155 „Non
2011 3081 2179 3142 venit
2226 3081 2527 3161 Reynum
2576 3080 2721 3142 Dei

601 3198 743 3242 cum
786 3179 1243 3254 observatione,
1299 3199 1488 3259 neque
1525 3180 1732 3242 dicent
1758 3199 1887 3241 ecce
1919 3180 2023 3241 hic
2066 3186 2184 3242 aut
2219 3200 2349 3241 ecce
2390 3177 2549 3252 illio,
2588 3200 2720 3243 ecce

601 3279 769 3341 enim
812 3280 1113 3359 Reynam
1152 3280 1291 3342 Dei
1315 3280 1385 3341 in
1427 3281 1601 3342 vobis·
1639 3280 1946 3351 habetis,“
1986 3283 2143 3341 Luc:
2199 3282 2409 3342 XVII:
2454 3284 2564 3341 20.
2600 3285 2714 3341 21.

806 3383 917 3442 34.
975 3380 1182 3441 Omnis
1221 3385 1399 3441 etiam
1446 3384 1732 3458 perfectio
1775 3385 1992 3442 crescit
2030 3399 2245 3443 versus
2287 3384 2600 3457 interiora,
2653 3389 2716 3442 et

601 3484 896 3544 decrescit
935 3501 1149 3543 versus
1199 3483 1525 3558 exteriora,
1595 3485 1870 3560 quoniam
1913 3484 2197 3542 interiora
2247 3490 2389 3543 sunt
2430 3484 2718 3560 propiora

596 3582 815 3644 Divino
855 3591 914 3644 et
948 3586 1007 3642 in
1043 3602 1110 3644 se
1146 3585 1420 3662 puriora,
1479 3586 1780 3643 exteriora
1824 3591 2026 3645 autem
2066 3586 2388 3644 remotiora
2423 3601 2460 3641 a
2492 3583 2715 3641 Divino

601 3689 662 3774 et
700 3686 763 3742 in
791 3700 858 3744 se
896 3688 1191 3745 crassiora
1231 3681 1357 3766 (rr).
1438 3685 1737 3745 Perfectio
1789 3684 2063 3762 angelica
2100 3686 2373 3744 consistit
2418 3686 2481 3743 in
2526 3683 2718 3747 Intel-

757 3928 890 3998 (qq)
959 3926 1122 3990 Quod
1176 3927 1417 3980 totidem
1471 3929 1684 3999 gradus
1739 3928 1890 3983 vitae
1945 3928 2001 3982 in
2059 3929 2290 3982 homine
2353 3929 2497 3991 sint,
2571 3936 2719 3999 quot

600 4002 782 4066 coeli,
847 4012 903 4054 et
943 4002 1102 4074 quod
1141 4004 1478 4073 aperiantur
1535 4015 1664 4074 post
1705 4015 1952 4058 mortem
1993 4004 2309 4059 secundum
2351 4004 2475 4072 ejus
2515 4003 2714 4067 vitam,

602 4097 672 4130 ηε
722 4085 888 4138 3747.
937 4085 1102 4138 9594.
1185 4077 1349 4143 Quod
1392 4079 1621 4131 coelum
1666 4080 1738 4133 sit
1780 4080 1840 4131 in
1879 4081 2144 4144 homine,
2200 4100 2268 4134 nt
2326 4087 2495 4141 3884.
2575 4078 2717 4131 Inde

600 4154 757 4226 quod
799 4153 896 4226 qui
942 4154 1183 4206 Coelum
1237 4154 1293 4205 in
1336 4172 1396 4207 se
1438 4156 1663 4226 recepit
1717 4156 1775 4207 in
1829 4157 2044 4209 mundo
2070 4195 2085 4220 ‚
2150 4157 2208 4209 in
2250 4156 2478 4209 coelum
2518 4154 2718 4207 veniat

600 4240 736 4300 post
775 4239 1041 4292 mortem,
1086 4248 1153 4284 n:
1200 4239 1405 4290 10717.

754 4308 870 4374 (rr)
915 4303 1079 4371 Quod
1121 4305 1404 4362 interiora
1430 4307 1545 4360 sint
1571 4305 1931 4380 perfectiora
1974 4309 2109 4380 quia
2149 4307 2435 4382 propiora
2475 4304 2714 4369 Divino,
