3013 5114
556 407 627 457 50
1170 394 1265 446 DE
1312 393 1554 448 COELO
1592 391 1686 446 ET
1725 389 2056 444 INFERNO.

557 561 789 616 tantum
819 552 1383 629 correspondentiae
1419 553 1566 625 sint,
1608 557 1669 609 et
1700 556 1930 607 tantum
1964 549 2431 625 conjunctioneS,
2482 567 2675 626 quan-

560 663 688 715 tum
726 660 866 713 sunt
904 653 1130 711 formae
1166 670 1404 711 usuum.
1490 650 1560 710 In
1611 656 1826 708 natura
1873 649 2109 719 Mundi,
2160 651 2220 708 in
2274 649 2493 724 triplici
2548 651 2678 726 ejus

563 755 804 832 Regno,
870 756 1068 811 omnia
1120 770 1274 828 quae
1325 752 1409 811 ibi
1467 751 1797 811 secundum
1851 751 2118 809 ordinem
2170 751 2464 821 existunt,
2542 756 2681 810 sunt

560 858 788 917 formae
839 871 1086 923 usuum,
1151 871 1261 912 seu
1307 853 1576 912 effectus'
1598 852 1833 910 formati
1869 851 1944 910 ab
1982 869 2097 909 usu
2136 850 2213 907 ad
2263 867 2469 926 usum3
2522 869 2676 928 qua-

563 962 816 1035 propter
849 955 954 1013 illa
993 972 1146 1030 quae
1185 954 1269 1012 ibi
1305 961 1472 1027 sunt,
1532 952 2097 1027 correspondentiae
2126 958 2281 1009 sunt.
2348 952 2530 1026 Apud
2563 951 2677 1010 ho-
2708 1001 2714 1005 .

560 1059 780 1115 minem
844 1062 1077 1126 autem,
1170 1062 1456 1130 quantum
1516 1053 1618 1112 ille
1677 1053 2007 1111 secundum
2069 1052 2350 1110 Divinum
2416 1052 2683 1111 ordinem

565 1159 744 1231 vivit,
794 1158 881 1214 ita
925 1161 1210 1232 quantum
1247 1158 1308 1212 in
1348 1171 1549 1213 amore
1586 1157 1646 1210 in
1670 1153 1992 1214 Dominum
2031 1158 2090 1211 et
2124 1154 2184 1209 in
2223 1152 2509 1210 charitate
2538 1170 2683 1229 erga

561 1260 928 1336 proximum,
984 1262 1211 1314 tantum
1259 1261 1428 1314 actus
1478 1255 1610 1332 ejus
1664 1261 1802 1312 sunt
1846 1271 1994 1312 usus
2045 1255 2104 1310 in
2155 1252 2375 1326 forma,
2442 1259 2501 1312 et
2544 1259 2683 1317 sunt

565 1358 1163 1435 correspondentiae,
1202 1373 1312 1432 per
1349 1373 1498 1431 quas
1538 1355 1918 1430 conjungitur
1956 1353 2139 1413 Coelo
2152 1374 2168 1428 3
2225 1370 2427 1411 amare
2466 1353 2677 1411 Domi-

561 1477 705 1518 num
751 1465 812 1518 et
843 1460 1178 1533 proximum
1225 1459 1287 1514 in
1321 1474 1543 1532 genere
1583 1460 1676 1515 est
1724 1472 1873 1513 usus
1920 1461 2233 1530 praestare
2274 1449 2383 1534 (q).
2469 1454 2677 1522 Porro,

558 1559 866 1619 sciendum
917 1563 1036 1630 est,
1121 1557 1280 1631 quod
1327 1556 1503 1615 hoino
1541 1559 1649 1629 sit,
1713 1573 1824 1632 per
1861 1573 2038 1632 quem
2081 1555 2460 1630 conjungitur
2500 1572 2676 1612 mun-

560 1661 671 1717 dus
724 1658 1016 1716 naturalis
1065 1674 1194 1715 cum
1256 1657 1585 1732 spirituali,
1643 1674 1753 1716 seu
1808 1655 1967 1731 quod
2003 1659 2082 1714 sit
2118 1655 2376 1713 medium
2428 1655 2681 1731 conjun-

560 1760 806 1832 ctionis3
844 1776 983 1815 nam
1018 1759 1078 1814 in
1107 1756 1209 1814 illo
1250 1765 1340 1815 est
1376 1757 1634 1816 mundus
1670 1756 1959 1815 naturalis
2000 1764 2058 1815 ct
2096 1772 2332 1832 quoque
2372 1763 2464 1815 est
2500 1774 2675 1813 mun-

562 1861 674 1917 dus
712 1858 1074 1933 spiritualis»,
1128 1858 1402 1916 videatur
1439 1874 1625 1934 supra
1669 1876 1738 1915 n:
1797 1859 1905 1930 57,
1960 1874 2144 1933 quare
2183 1863 2468 1931 quantum
2502 1854 2679 1914 homo

564 1965 657 2018 est
704 1959 1066 2035 spiritualiS,
1126 1966 1354 2016 tantum
1398 1968 1490 2016 est
1547 1959 1803 2016 medium
1858 1958 2286 2034 conjunctionis
2303 2000 2319 2031 ‚
2392 1962 2681 2031 quantum

561 2067 762 2118 autem
811 2058 1101 2116 naturalis
1161 2067 1219 2117 et
1261 2077 1374 2116 non
1425 2059 1761 2134 spiritualis
1777 2102 1793 2133 ‚
1849 2063 2079 2115 tantum
2125 2074 2244 2113 non
2290 2063 2382 2115 est
2418 2057 2681 2115 medium

563 2161 1035 2234 conjunctionis:
1093 2159 1363 2232 persistit
1402 2175 1597 2232 usquo
1646 2159 1872 2233 absque
1924 2158 2119 2216 medio
2155 2156 2390 2216 homine
2426 2157 2684 2214 influxus

559 2258 817 2316 Divinus
861 2261 921 2314 in
964 2257 1281 2334 mundum,
1339 2264 1398 2313 et
1437 2275 1674 2333 quoque
1712 2261 1771 2315 in
1813 2257 1917 2315 illa
1970 2275 2124 2333 quae
2164 2277 2238 2316 ex
2288 2257 2505 2315 mundo
2542 2263 2684 2316 sunt

557 2358 720 2434 apud
759 2356 1090 2431 hominem,
1131 2358 1328 2416 sedin
1363 2357 1653 2415 rationale
1693 2359 1846 2435 ejus·

720 2483 748 2536 1
772 2481 798 2535 1
820 2480 879 2536 3.
939 2475 1108 2536 Sicut
1136 2477 1334 2534 omnia
1364 2493 1519 2550 quae
1548 2483 1687 2533 sunt
1713 2475 2041 2534 secundum
2079 2475 2344 2534 ordinem
2372 2476 2681 2546 Divinum,

558 2579 1026 2656 correspondent
1073 2578 1286 2652 Coelo,
1348 2580 1436 2648 ita
1488 2580 1685 2636 omnia
1738 2595 1891 2654 quae
1945 2584 2085 2636 sunt
2136 2585 2345 2635 contra
2408 2577 2682 2636 ordinem

556 2680 844 2739 Divinum
901 2679 1372 2756 correspondent
1418 2678 1689 2739 Inferno:
1748 2695 1902 2754 quae
1953 2678 2422 2754 correspondent
2475 2677 2679 2752 Coc-310,

721 2925 813 2996 (q)
858 2923 1023 2987 Quod
1066 2941 1235 2976 omne
1276 2924 1494 2976 bonurn
1540 2942 1701 2975 suum
1749 2924 2058 2990 jucundum
2103 2924 2310 2976 habeat
2350 2940 2418 2976 ex
2463 2922 2686 2985 usibus«,

556 3010 614 3053 et
655 3000 967 3051 secundum
1025 3016 1192 3059 usuS‚
1259 3009 1315 3051 et
1371 3017 1606 3070 quoque
1665 3017 1828 3051 suum
1872 3002 2079 3071 quale,
2145 2999 2279 3052 inde
2321 2997 2506 3069 qualis
2547 3015 2685 3050 usus

558 3076 672 3127 tale
712 3074 964 3136 bonum,
1017 3091 1082 3124 n:
1129 3082 1294 3134 3049.
1340 3082 1508 3134 4984.
1555 3083 1723 3135 7038.
1808 3076 1977 3151 Quod
2023 3076 2138 3127 vita
2182 3074 2457 3146 Angelica
2499 3074 2686 3126 consi·

561 3160 670 3203 stat
713 3150 768 3201 in
813 3149 981 3201 bonis
1033 3150 1248 3201 amoris
1306 3160 1360 3203 et
1404 3150 1734 3213 charitatis,
1801 3151 1878 3203 ita
1935 3152 1989 3202 in
2044 3150 2247 3203 usibus
2300 3148 2683 3221 praestandi8‚

558 3244 634 3277 n:
692 3232 820 3285 453.
906 3224 1078 3302 Quod
1119 3241 1149 3276 a
1193 3226 1477 3288 Domino,
1524 3236 1581 3279 et
1623 3226 1754 3279 inde
1796 3227 1868 3279 ab
1913 3226 2148 3299 Angelis
2189 3243 2306 3277 non
2349 3235 2685 3296 spectentur

558 3300 668 3353 nisi
710 3301 881 3362 fines,
927 3300 1026 3371 qui
1071 3310 1202 3353 sunt
1241 3318 1402 3364 usne,
1451 3302 1604 3371 apud
1650 3302 1961 3364 hominem,
2005 3320 2072 3354 n:
2119 3309 2285 3361 1317.
2317 3309 2483 3362 1645.
2510 3308 2681 3362 5844.

558 3375 728 3453 Quod
768 3375 1025 3447 Regnum
1069 3376 1301 3429 Domini
1346 3378 1420 3429 sit
1462 3379 1726 3448 Regnum
1769 3395 2007 3440 usuum,
2053 3377 2131 3429 ita
2173 3377 2394 3441 finium,
2436 3394 2504 3428 nt
2548 3384 2682 3439 453.

561 3463 688 3513 096.
734 3462 901 3514 1103.
948 3460 1115 3512 3645.
1163 3460 1331 3513 4054.
1378 3461 1545 3513 7038.
1629 3453 1800 3530 Quod
1862 3453 2085 3506 servire
2136 3452 2387 3505 Domino
2430 3453 2505 3505 sit
2543 3470 2682 3506 usus

562 3539 888 3599 praestare,
951 3547 1019 3581 n:
1079 3536 1254 3588 7038.
1339 3529 1512 3606 Quod
1565 3529 1757 3581 omnia
1819 3539 1876 3581 et
1931 3528 2154 3600 singula
2209 3528 2266 3580 in
2321 3529 2553 3582 homine
2613 3527 2688 3581 ad

557 3620 722 3657 usum
783 3605 1031 3659 formata
1090 3605 1236 3669 sint,
1305 3622 1373 3656 n:
1432 3612 1603 3665 3565.
1647 3611 1815 3664 4104.
1860 3612 2027 3664 5189.
2072 3612 2255 3669 92975
2317 3615 2375 3658 et
2414 3604 2572 3676 quod
2613 3621 2685 3657 ex

560 3696 696 3743 usu,
741 3681 820 3734 ita
865 3681 1022 3754 quod
1064 3698 1204 3746 usus
1246 3680 1319 3733 sit
1361 3681 1530 3753 prior
1564 3697 1736 3752 quam
1778 3679 2001 3733 formae
2044 3679 2353 3752 organicae
2388 3679 2541 3750 apud
2583 3680 2684 3732 ho-

558 3754 806 3819 minem,
887 3774 995 3827 per
1036 3773 1175 3826 quas
1231 3773 1367 3809 usus
1420 3756 1513 3819 fit,
1578 3755 1713 3828 quia
1765 3772 1903 3808 usus
1956 3766 2038 3809 est
2082 3773 2149 3809 ex
2193 3754 2406 3807 influxu
2449 3754 2685 3808 Domini

557 3848 666 3902 per
708 3831 982 3893 Coelum,
1046 3848 1114 3883 nt
1171 3839 1341 3892 4223.
1402 3840 1573 3892 4926.
1657 3830 1821 3896 Quod
1864 3831 2041 3884 etiam
2084 3831 2363 3883 interiora
2412 3829 2682 3894 bominis,

565 3923 712 3978 quae
755 3916 886 3959 sunt
924 3907 1131 3959 mentis
1174 3908 1321 3972 ejus,
1363 3924 1493 3959 cum
1535 3907 1847 3969 adolescit,
1892 3924 1958 3960 ex
2001 3924 2108 3959 usu
2148 3917 2206 3960 et
2244 3906 2317 3959 ad
2357 3922 2522 3958 usum
2563 3905 2685 3958 for-

559 3991 826 4045 mentur,
870 3989 1055 4041 11:196
1073 3987 1128 4041 4.
1174 3987 1355 4042 6815.
1403 3991 1571 4043 9297.
1656 3982 1821 4048 Quod
1858 3981 1993 4035 inde
2028 3984 2203 4035 homo
2239 3982 2369 4036 talis
2410 3982 2503 4045 sit,
2546 3998 2684 4052 qua·

556 4057 642 4109 les
684 4067 814 4110 sunt
856 4073 988 4108 usus
1029 4055 1183 4125 apud
1228 4057 1425 4120 illum,
1495 4075 1563 4109 n:
1619 4066 1786 4120 1568·
1843 4065 2009 4118 3570.
2067 4065 2237 4120 4054.
2292 4065 2459 4118 6571.
2515 4063 2683 4117 6934·

561 4139 727 4192 6938.
771 4138 978 4192 10284.
1063 4128 1229 4194 Quod
1271 4148 1413 4184 usus
1467 4133 1582 4186 sint
1632 4135 1775 4188 fines
1836 4144 2083 4205 propter
2138 4150 2317 4206 quoe,
2379 4151 2449 4198 n:
2514 4138 2684 4191 3565.

560 4215 730 4268 4054.
788 4214 958 4268 4104.
1018 4214 1190 4266 6815.
1273 4203 1444 4283 Qu‘od
1495 4227 1633 4263 usus
1686 4210 1761 4263 sit
1813 4208 2067 4280 primum
2127 4220 2187 4263 et
2244 4208 2541 4270 ultimum,
2605 4208 2686 4260 ita

560 4300 729 4337 omne
772 4282 1041 4348 hominis,
1094 4300 1162 4335 n:
1210 4290 1377 4345 1964.
