<?xml version="1.0" encoding="UTF-8"?>
<!DOCTYPE html PUBLIC "-//W3C//DTD XHTML 1.0 Transitional//EN"
    "http://www.w3.org/TR/xhtml1/DTD/xhtml1-transitional.dtd">
<html xmlns="http://www.w3.org/1999/xhtml" xml:lang="en" lang="en">
 <head>
  <title>
</title>
<meta http-equiv="Content-Type" content="text/html;charset=utf-8" />
  <meta name='ocr-system' content='tesseract 3.04.00' />
  <meta name='ocr-capabilities' content='ocr_page ocr_carea ocr_par ocr_line ocrx_word'/>
</head>
<body>
  <div class='ocr_page' id='page_1' title='image "./decoeloetejusmi00tafegoog_0168.png"; bbox 0 0 3013 5114; ppageno 0'>
   <div class='ocr_carea' id='block_1_1' title="bbox 552 407 2049 477">
    <p class='ocr_par' dir='ltr' id='par_1_1' title="bbox 552 407 2049 477">
     <span class='ocr_line' id='line_1_1' title="bbox 552 407 2049 477; baseline -0.007 0"><span class='ocrx_word' id='word_1_1' title='bbox 552 426 659 477; x_wconf 74' lang='lat'><strong>162</strong></span> <span class='ocrx_word' id='word_1_2' title='bbox 1169 410 1261 464; x_wconf 83' lang='lat' dir='ltr'><strong>DE</strong></span> <span class='ocrx_word' id='word_1_3' title='bbox 1305 409 1539 466; x_wconf 84' lang='lat' dir='ltr'>COELO</span> <span class='ocrx_word' id='word_1_4' title='bbox 1581 407 1674 463; x_wconf 81' lang='lat' dir='ltr'><strong>ET</strong></span> <span class='ocrx_word' id='word_1_5' title='bbox 1714 407 2049 467; x_wconf 87' lang='lat' dir='ltr'>INFERNO.</span> 
     </span>
    </p>
   </div>
   <div class='ocr_carea' id='block_1_2' title="bbox 502 568 2673 4377">
    <p class='ocr_par' dir='ltr' id='par_1_2' title="bbox 502 568 2673 4377">
     <span class='ocr_line' id='line_1_2' title="bbox 549 568 2666 653; baseline -0.003 -18"><span class='ocrx_word' id='word_1_6' title='bbox 549 575 953 653; x_wconf 82' lang='lat' dir='ltr'><strong>adjunguntur</strong></span> <span class='ocrx_word' id='word_1_7' title='bbox 992 590 1029 630; x_wconf 87' lang='lat' dir='ltr'><strong>a</strong></span> <span class='ocrx_word' id='word_1_8' title='bbox 1063 572 1357 643; x_wconf 89' lang='lat' dir='ltr'><strong>Domin0‚</strong></span> <span class='ocrx_word' id='word_1_9' title='bbox 1420 576 1483 627; x_wconf 89' lang='lat' dir='ltr'><strong>at</strong></span> <span class='ocrx_word' id='word_1_10' title='bbox 1518 569 1661 628; x_wconf 91' lang='lat' dir='ltr'><strong>mali</strong></span> <span class='ocrx_word' id='word_1_11' title='bbox 1697 574 2083 628; x_wconf 86' lang='lat' dir='ltr'><strong>arcessuntur</strong></span> <span class='ocrx_word' id='word_1_12' title='bbox 2120 568 2194 627; x_wconf 90' lang='lat' dir='ltr'><strong>ab</strong></span> <span class='ocrx_word' id='word_1_13' title='bbox 2230 570 2362 643; x_wconf 83' lang='lat' dir='ltr'><strong>ipso</strong></span> <span class='ocrx_word' id='word_1_14' title='bbox 2399 568 2636 629; x_wconf 90' lang='lat' dir='ltr'><strong>homine</strong></span> <span class='ocrx_word' id='word_1_15' title='bbox 2649 589 2666 646; x_wconf 84' lang='lat'><em>3</em></span> 
     </span>
     <span class='ocr_line' id='line_1_3' title="bbox 549 669 2670 749; baseline -0.003 -12"><span class='ocrx_word' id='word_1_16' title='bbox 549 693 756 737; x_wconf 83' lang='lat' dir='ltr'><strong>verum</strong></span> <span class='ocrx_word' id='word_1_17' title='bbox 794 682 1095 733; x_wconf 86' lang='lat' dir='ltr'><strong>mutantur</strong></span> <span class='ocrx_word' id='word_1_18' title='bbox 1133 672 1392 749; x_wconf 83' lang='lat' dir='ltr'><strong>Spiritus</strong></span> <span class='ocrx_word' id='word_1_19' title='bbox 1431 671 1592 748; x_wconf 75' lang='lat' dir='ltr'><strong>apud</strong></span> <span class='ocrx_word' id='word_1_20' title='bbox 1617 671 1914 728; x_wconf 83' lang='lat' dir='ltr'><strong>hominem</strong></span> <span class='ocrx_word' id='word_1_21' title='bbox 1944 669 2271 728; x_wconf 88' lang='lat' dir='ltr'><strong>secundum</strong></span> <span class='ocrx_word' id='word_1_22' title='bbox 2309 672 2670 730; x_wconf 86' lang='lat' dir='ltr'><strong>mutationes</strong></span> 
     </span>
     <span class='ocr_line' id='line_1_4' title="bbox 552 771 2671 869; baseline -0.003 -32"><span class='ocrx_word' id='word_1_23' title='bbox 552 777 682 855; x_wconf 86' lang='lat' dir='ltr'><strong>ejus</strong></span> <span class='ocrx_word' id='word_1_24' title='bbox 719 775 1126 850; x_wconf 79' lang='lat' dir='ltr'><strong>affectionum,</strong></span> <span class='ocrx_word' id='word_1_25' title='bbox 1182 773 1318 869; x_wconf 61' lang='lat' dir='ltr'><strong>¹¹de</strong></span> <span class='ocrx_word' id='word_1_26' title='bbox 1358 773 1459 831; x_wconf 86' lang='lat' dir='ltr'><strong>alii</strong></span> <span class='ocrx_word' id='word_1_27' title='bbox 1498 774 1552 832; x_wconf 88' lang='lat' dir='ltr'><strong>ei</strong></span> <span class='ocrx_word' id='word_1_28' title='bbox 1590 774 1834 848; x_wconf 88' lang='lat' dir='ltr'><strong>spiritus</strong></span> <span class='ocrx_word' id='word_1_29' title='bbox 1871 778 2012 830; x_wconf 88' lang='lat' dir='ltr'><strong>sunt</strong></span> <span class='ocrx_word' id='word_1_30' title='bbox 2045 773 2105 828; x_wconf 88' lang='lat' dir='ltr'><strong>in</strong></span> <span class='ocrx_word' id='word_1_31' title='bbox 2139 771 2416 845; x_wconf 82' lang='lat' dir='ltr'><strong>infantia,</strong></span> <span class='ocrx_word' id='word_1_32' title='bbox 2470 771 2574 829; x_wconf 92' lang='lat' dir='ltr'><strong>alii</strong></span> <span class='ocrx_word' id='word_1_33' title='bbox 2606 773 2671 830; x_wconf 90' lang='lat' dir='ltr'><strong>in</strong></span> 
     </span>
     <span class='ocr_line' id='line_1_5' title="bbox 549 871 2671 954; baseline -0.002 -19"><span class='ocrx_word' id='word_1_34' title='bbox 549 879 839 954; x_wconf 84' lang='lat' dir='ltr'><strong>pueritia,</strong></span> <span class='ocrx_word' id='word_1_35' title='bbox 893 876 994 934; x_wconf 90' lang='lat' dir='ltr'><strong>alii</strong></span> <span class='ocrx_word' id='word_1_36' title='bbox 1026 879 1085 933; x_wconf 91' lang='lat' dir='ltr'><strong>in</strong></span> <span class='ocrx_word' id='word_1_37' title='bbox 1123 873 1531 933; x_wconf 87' lang='lat' dir='ltr'><strong>adolescentia</strong></span> <span class='ocrx_word' id='word_1_38' title='bbox 1569 880 1628 932; x_wconf 89' lang='lat' dir='ltr'><strong>et</strong></span> <span class='ocrx_word' id='word_1_39' title='bbox 1653 873 2000 949; x_wconf 80' lang='lat' dir='ltr'><strong>juventute,</strong></span> <span class='ocrx_word' id='word_1_40' title='bbox 2060 877 2119 931; x_wconf 81' lang='lat' dir='ltr'><strong>et.</strong></span> <span class='ocrx_word' id='word_1_41' title='bbox 2154 871 2257 929; x_wconf 90' lang='lat' dir='ltr'><strong>alii</strong></span> <span class='ocrx_word' id='word_1_42' title='bbox 2292 872 2350 928; x_wconf 91' lang='lat' dir='ltr'><strong>in</strong></span> <span class='ocrx_word' id='word_1_43' title='bbox 2387 878 2671 932; x_wconf 89' lang='lat' dir='ltr'><strong>senectu-</strong></span> 
     </span>
     <span class='ocr_line' id='line_1_6' title="bbox 550 974 2672 1052; baseline -0.002 -15"><span class='ocrx_word' id='word_1_44' title='bbox 550 982 640 1052; x_wconf 82' lang='lat' dir='ltr'><strong>tc3</strong></span> <span class='ocrx_word' id='word_1_45' title='bbox 695 979 755 1034; x_wconf 92' lang='lat' dir='ltr'><strong>in</strong></span> <span class='ocrx_word' id='word_1_46' title='bbox 790 977 1041 1035; x_wconf 88' lang='lat' dir='ltr'><strong>infantia</strong></span> <span class='ocrx_word' id='word_1_47' title='bbox 1085 975 1302 1037; x_wconf 56' lang='lat' dir='ltr'><strong>ahunt</strong></span> <span class='ocrx_word' id='word_1_48' title='bbox 1336 977 1584 1051; x_wconf 87' lang='lat' dir='ltr'><strong>spiritus</strong></span> <span class='ocrx_word' id='word_1_49' title='bbox 1622 975 1723 1050; x_wconf 91' lang='lat' dir='ltr'><strong>qui</strong></span> <span class='ocrx_word' id='word_1_50' title='bbox 1761 976 1822 1032; x_wconf 93' lang='lat' dir='ltr'><strong>in</strong></span> <span class='ocrx_word' id='word_1_51' title='bbox 1856 974 2194 1031; x_wconf 85' lang='lat' dir='ltr'><strong>innocentia</strong></span> <span class='ocrx_word' id='word_1_52' title='bbox 2222 979 2390 1044; x_wconf 88' lang='lat' dir='ltr'><strong>sunt,</strong></span> <span class='ocrx_word' id='word_1_53' title='bbox 2445 974 2532 1031; x_wconf 91' lang='lat' dir='ltr'><strong>ita</strong></span> <span class='ocrx_word' id='word_1_54' title='bbox 2570 976 2672 1050; x_wconf 90' lang='lat' dir='ltr'><strong>qui</strong></span> 
     </span>
     <span class='ocr_line' id='line_1_7' title="bbox 551 1073 2670 1159; baseline -0.002 -22"><span class='ocrx_word' id='word_1_55' title='bbox 551 1080 987 1159; x_wconf 85' lang='lat' dir='ltr'><strong>communicant</strong></span> <span class='ocrx_word' id='word_1_56' title='bbox 1036 1095 1166 1135; x_wconf 86' lang='lat' dir='ltr'><strong>cum</strong></span> <span class='ocrx_word' id='word_1_57' title='bbox 1220 1076 1402 1135; x_wconf 86' lang='lat' dir='ltr'><strong>Coelo</strong></span> <span class='ocrx_word' id='word_1_58' title='bbox 1452 1077 1859 1143; x_wconf 79' lang='lat' dir='ltr'><strong>innocentiae,</strong></span> <span class='ocrx_word' id='word_1_59' title='bbox 1914 1074 2073 1149; x_wconf 89' lang='lat' dir='ltr'><strong>quod</strong></span> <span class='ocrx_word' id='word_1_60' title='bbox 2119 1080 2212 1132; x_wconf 84' lang='lat' dir='ltr'><strong>est</strong></span> <span class='ocrx_word' id='word_1_61' title='bbox 2259 1073 2494 1131; x_wconf 84' lang='lat' dir='ltr'><strong>coelum</strong></span> <span class='ocrx_word' id='word_1_62' title='bbox 2528 1075 2670 1133; x_wconf 88' lang='lat' dir='ltr'><strong>inti-</strong></span> 
     </span>
     <span class='ocr_line' id='line_1_8' title="bbox 551 1175 2672 1254; baseline -0.002 -16"><span class='ocrx_word' id='word_1_63' title='bbox 551 1198 712 1239; x_wconf 90' lang='lat' dir='ltr'><strong>mum</strong></span> <span class='ocrx_word' id='word_1_64' title='bbox 748 1196 855 1237; x_wconf 88' lang='lat' dir='ltr'><strong>seu</strong></span> <span class='ocrx_word' id='word_1_65' title='bbox 895 1181 1163 1253; x_wconf 85' lang='lat' dir='ltr'><strong>tertium3</strong></span> <span class='ocrx_word' id='word_1_66' title='bbox 1204 1180 1264 1237; x_wconf 91' lang='lat' dir='ltr'><strong>in</strong></span> <span class='ocrx_word' id='word_1_67' title='bbox 1297 1178 1559 1254; x_wconf 86' lang='lat' dir='ltr'><strong>pueritia</strong></span> <span class='ocrx_word' id='word_1_68' title='bbox 1595 1176 1813 1234; x_wconf 82' lang='lat' dir='ltr'><strong>adsunt</strong></span> <span class='ocrx_word' id='word_1_69' title='bbox 1848 1177 2093 1252; x_wconf 88' lang='lat' dir='ltr'><strong>spiritus</strong></span> <span class='ocrx_word' id='word_1_70' title='bbox 2133 1175 2322 1250; x_wconf 89' lang='lat' dir='ltr'><strong>quiin</strong></span> <span class='ocrx_word' id='word_1_71' title='bbox 2357 1175 2672 1234; x_wconf 87' lang='lat' dir='ltr'><strong>affectione</strong></span> 
     </span>
     <span class='ocr_line' id='line_1_9' title="bbox 552 1274 2671 1354; baseline -0.003 -15"><span class='ocrx_word' id='word_1_72' title='bbox 552 1280 780 1340; x_wconf 83' lang='lat' dir='ltr'><strong>sciendi</strong></span> <span class='ocrx_word' id='word_1_73' title='bbox 809 1286 978 1352; x_wconf 87' lang='lat' dir='ltr'><strong>sunt,</strong></span> <span class='ocrx_word' id='word_1_74' title='bbox 1019 1281 1105 1337; x_wconf 88' lang='lat' dir='ltr'><strong>ita</strong></span> <span class='ocrx_word' id='word_1_75' title='bbox 1144 1281 1245 1354; x_wconf 88' lang='lat' dir='ltr'><strong>qui</strong></span> <span class='ocrx_word' id='word_1_76' title='bbox 1281 1280 1722 1336; x_wconf 88' lang='lat' dir='ltr'><strong>communicant</strong></span> <span class='ocrx_word' id='word_1_77' title='bbox 1756 1294 1887 1334; x_wconf 84' lang='lat' dir='ltr'><strong>cum</strong></span> <span class='ocrx_word' id='word_1_78' title='bbox 1927 1274 2110 1334; x_wconf 91' lang='lat' dir='ltr'><strong>Coelo</strong></span> <span class='ocrx_word' id='word_1_79' title='bbox 2148 1274 2354 1333; x_wconf 89' lang='lat' dir='ltr'><strong>ultimo</strong></span> <span class='ocrx_word' id='word_1_80' title='bbox 2391 1292 2502 1334; x_wconf 88' lang='lat' dir='ltr'><strong>seu</strong></span> <span class='ocrx_word' id='word_1_81' title='bbox 2539 1277 2671 1353; x_wconf 88' lang='lat' dir='ltr'><strong>pri-</strong></span> 
     </span>
     <span class='ocr_line' id='line_1_10' title="bbox 551 1358 2673 1456; baseline -0.001 -18"><span class='ocrx_word' id='word_1_82' title='bbox 551 1399 678 1456; x_wconf 85' lang='lat' dir='ltr'><strong>mo;</strong></span> <span class='ocrx_word' id='word_1_83' title='bbox 734 1382 790 1437; x_wconf 91' lang='lat' dir='ltr'><strong>in</strong></span> <span class='ocrx_word' id='word_1_84' title='bbox 829 1379 1231 1438; x_wconf 80' lang='lat' dir='ltr'><strong>adolescentia</strong></span> <span class='ocrx_word' id='word_1_85' title='bbox 1270 1386 1329 1435; x_wconf 79' lang='lat' dir='ltr'><strong>et</strong></span> <span class='ocrx_word' id='word_1_86' title='bbox 1349 1380 1668 1455; x_wconf 76' lang='lat' dir='ltr'><strong>juventute</strong></span> <span class='ocrx_word' id='word_1_87' title='bbox 1713 1377 1928 1435; x_wconf 84' lang='lat' dir='ltr'><strong>adsunt</strong></span> <span class='ocrx_word' id='word_1_88' title='bbox 1966 1379 2068 1452; x_wconf 90' lang='lat' dir='ltr'><strong>qui</strong></span> <span class='ocrx_word' id='word_1_89' title='bbox 2103 1378 2161 1434; x_wconf 91' lang='lat' dir='ltr'><strong>in</strong></span> <span class='ocrx_word' id='word_1_90' title='bbox 2201 1358 2513 1436; x_wconf 71' lang='lat' dir='ltr'><strong>affectione</strong></span> <span class='ocrx_word' id='word_1_91' title='bbox 2540 1378 2673 1436; x_wconf 86' lang='lat' dir='ltr'><strong>veri</strong></span> 
     </span>
     <span class='ocr_line' id='line_1_11' title="bbox 552 1478 2672 1554; baseline -0.001 -17"><span class='ocrx_word' id='word_1_92' title='bbox 552 1488 611 1538; x_wconf 83' lang='lat' dir='ltr'><strong>et</strong></span> <span class='ocrx_word' id='word_1_93' title='bbox 657 1481 797 1539; x_wconf 90' lang='lat' dir='ltr'><strong>boni</strong></span> <span class='ocrx_word' id='word_1_94' title='bbox 843 1488 1013 1551; x_wconf 86' lang='lat' dir='ltr'><strong>sunt,</strong></span> <span class='ocrx_word' id='word_1_95' title='bbox 1072 1487 1132 1537; x_wconf 90' lang='lat' dir='ltr'><strong>et</strong></span> <span class='ocrx_word' id='word_1_96' title='bbox 1178 1479 1313 1538; x_wconf 90' lang='lat' dir='ltr'><strong>inde</strong></span> <span class='ocrx_word' id='word_1_97' title='bbox 1363 1482 1421 1537; x_wconf 89' lang='lat' dir='ltr'><strong>in</strong></span> <span class='ocrx_word' id='word_1_98' title='bbox 1470 1479 1900 1553; x_wconf 81' lang='lat' dir='ltr'><strong>intelligentia,</strong></span> <span class='ocrx_word' id='word_1_99' title='bbox 1957 1479 2043 1536; x_wconf 90' lang='lat' dir='ltr'><strong>ita</strong></span> <span class='ocrx_word' id='word_1_100' title='bbox 2092 1478 2193 1554; x_wconf 92' lang='lat' dir='ltr'><strong>qui</strong></span> <span class='ocrx_word' id='word_1_101' title='bbox 2237 1479 2672 1536; x_wconf 84' lang='lat' dir='ltr'><strong>communicant</strong></span> 
     </span>
     <span class='ocr_line' id='line_1_12' title="bbox 552 1564 2669 1655; baseline -0.001 -17"><span class='ocrx_word' id='word_1_102' title='bbox 552 1598 686 1639; x_wconf 85' lang='lat' dir='ltr'><strong>cum</strong></span> <span class='ocrx_word' id='word_1_103' title='bbox 737 1578 918 1639; x_wconf 88' lang='lat' dir='ltr'><strong>Coelo</strong></span> <span class='ocrx_word' id='word_1_104' title='bbox 964 1581 1229 1640; x_wconf 84' lang='lat' dir='ltr'><strong>secundo</strong></span> <span class='ocrx_word' id='word_1_105' title='bbox 1281 1596 1390 1638; x_wconf 88' lang='lat' dir='ltr'><strong>seu</strong></span> <span class='ocrx_word' id='word_1_106' title='bbox 1443 1580 1669 1655; x_wconf 78' lang='lat' dir='ltr'><strong>med103</strong></span> <span class='ocrx_word' id='word_1_107' title='bbox 1724 1582 1785 1636; x_wconf 85' lang='lat' dir='ltr'><strong>in</strong></span> <span class='ocrx_word' id='word_1_108' title='bbox 1833 1564 2143 1638; x_wconf 85' lang='lat' dir='ltr'><strong>senectute</strong></span> <span class='ocrx_word' id='word_1_109' title='bbox 2198 1584 2399 1636; x_wconf 90' lang='lat' dir='ltr'><strong>autem</strong></span> <span class='ocrx_word' id='word_1_110' title='bbox 2447 1578 2669 1637; x_wconf 85' lang='lat' dir='ltr'><strong>adsunt</strong></span> 
     </span>
     <span class='ocr_line' id='line_1_13' title="bbox 550 1680 2669 1757; baseline 0 -19"><span class='ocrx_word' id='word_1_111' title='bbox 550 1683 794 1756; x_wconf 89' lang='lat' dir='ltr'><strong>spiritus</strong></span> <span class='ocrx_word' id='word_1_112' title='bbox 826 1683 926 1757; x_wconf 91' lang='lat' dir='ltr'><strong>qui</strong></span> <span class='ocrx_word' id='word_1_113' title='bbox 963 1683 1021 1739; x_wconf 91' lang='lat' dir='ltr'><strong>in</strong></span> <span class='ocrx_word' id='word_1_114' title='bbox 1050 1683 1346 1757; x_wconf 82' lang='lat' dir='ltr'><strong>sapientia</strong></span> <span class='ocrx_word' id='word_1_115' title='bbox 1387 1689 1445 1739; x_wconf 90' lang='lat' dir='ltr'><strong>et</strong></span> <span class='ocrx_word' id='word_1_116' title='bbox 1481 1682 1822 1739; x_wconf 87' lang='lat' dir='ltr'><strong>innocentia</strong></span> <span class='ocrx_word' id='word_1_117' title='bbox 1859 1687 2028 1752; x_wconf 90' lang='lat' dir='ltr'><strong>sunt,</strong></span> <span class='ocrx_word' id='word_1_118' title='bbox 2083 1681 2168 1738; x_wconf 88' lang='lat' dir='ltr'><strong>ita</strong></span> <span class='ocrx_word' id='word_1_119' title='bbox 2209 1680 2308 1755; x_wconf 89' lang='lat' dir='ltr'><strong>qui</strong></span> <span class='ocrx_word' id='word_1_120' title='bbox 2336 1680 2669 1739; x_wconf 87' lang='lat' dir='ltr'><strong>communi-</strong></span> 
     </span>
     <span class='ocr_line' id='line_1_14' title="bbox 550 1779 2672 1858; baseline -0.001 -19"><span class='ocrx_word' id='word_1_121' title='bbox 550 1789 690 1841; x_wconf 84' lang='lat' dir='ltr'><strong>cant</strong></span> <span class='ocrx_word' id='word_1_122' title='bbox 735 1800 868 1842; x_wconf 89' lang='lat' dir='ltr'><strong>cum</strong></span> <span class='ocrx_word' id='word_1_123' title='bbox 919 1781 1100 1841; x_wconf 90' lang='lat' dir='ltr'><strong>Coelo</strong></span> <span class='ocrx_word' id='word_1_124' title='bbox 1148 1783 1352 1840; x_wconf 87' lang='lat' dir='ltr'><strong>intimo</strong></span> <span class='ocrx_word' id='word_1_125' title='bbox 1404 1799 1515 1840; x_wconf 84' lang='lat' dir='ltr'><strong>seu</strong></span> <span class='ocrx_word' id='word_1_126' title='bbox 1564 1783 1771 1840; x_wconf 84' lang='lat' dir='ltr'><strong>tertio:</strong></span> <span class='ocrx_word' id='word_1_127' title='bbox 1827 1781 1935 1841; x_wconf 87' lang='lat' dir='ltr'><strong>sed</strong></span> <span class='ocrx_word' id='word_1_128' title='bbox 1983 1781 2133 1839; x_wconf 90' lang='lat' dir='ltr'><strong>haec</strong></span> <span class='ocrx_word' id='word_1_129' title='bbox 2177 1781 2477 1858; x_wconf 88' lang='lat' dir='ltr'><strong>adjunctio</strong></span> <span class='ocrx_word' id='word_1_130' title='bbox 2521 1779 2587 1838; x_wconf 90' lang='lat' dir='ltr'><strong>fit</strong></span> <span class='ocrx_word' id='word_1_131' title='bbox 2635 1796 2672 1837; x_wconf 89' lang='lat' dir='ltr'><strong>a</strong></span> 
     </span>
     <span class='ocr_line' id='line_1_15' title="bbox 548 1880 2671 1959; baseline -0.001 -19"><span class='ocrx_word' id='word_1_132' title='bbox 548 1882 804 1942; x_wconf 89' lang='lat' dir='ltr'><strong>Domino</strong></span> <span class='ocrx_word' id='word_1_133' title='bbox 842 1883 1002 1959; x_wconf 90' lang='lat' dir='ltr'><strong>apud</strong></span> <span class='ocrx_word' id='word_1_134' title='bbox 1037 1882 1173 1940; x_wconf 89' lang='lat' dir='ltr'><strong>illos</strong></span> <span class='ocrx_word' id='word_1_135' title='bbox 1204 1884 1306 1958; x_wconf 91' lang='lat' dir='ltr'><strong>qui</strong></span> <span class='ocrx_word' id='word_1_136' title='bbox 1332 1884 1645 1941; x_wconf 84' lang='lat' dir='ltr'><strong>reformari</strong></span> <span class='ocrx_word' id='word_1_137' title='bbox 1679 1898 1749 1941; x_wconf 91' lang='lat' dir='ltr'><strong>ac</strong></span> <span class='ocrx_word' id='word_1_138' title='bbox 1784 1883 2129 1958; x_wconf 85' lang='lat' dir='ltr'><strong>regenerari</strong></span> <span class='ocrx_word' id='word_1_139' title='bbox 2166 1888 2445 1958; x_wconf 86' lang='lat' dir='ltr'><strong>possunt:</strong></span> <span class='ocrx_word' id='word_1_140' title='bbox 2494 1880 2671 1939; x_wconf 88' lang='lat' dir='ltr'><strong>aliter</strong></span> 
     </span>
     <span class='ocr_line' id='line_1_16' title="bbox 549 1983 2667 2060; baseline 0 -20"><span class='ocrx_word' id='word_1_141' title='bbox 549 1990 750 2042; x_wconf 87' lang='lat' dir='ltr'><strong>autem</strong></span> <span class='ocrx_word' id='word_1_142' title='bbox 786 1984 946 2060; x_wconf 90' lang='lat' dir='ltr'><strong>apud</strong></span> <span class='ocrx_word' id='word_1_143' title='bbox 989 1983 1124 2041; x_wconf 88' lang='lat' dir='ltr'><strong>illos</strong></span> <span class='ocrx_word' id='word_1_144' title='bbox 1177 1986 1278 2059; x_wconf 91' lang='lat' dir='ltr'><strong>qui</strong></span> <span class='ocrx_word' id='word_1_145' title='bbox 1324 2002 1441 2043; x_wconf 89' lang='lat' dir='ltr'><strong>non</strong></span> <span class='ocrx_word' id='word_1_146' title='bbox 1490 1984 1803 2043; x_wconf 86' lang='lat' dir='ltr'><strong>reformari</strong></span> <span class='ocrx_word' id='word_1_147' title='bbox 1846 2000 1955 2041; x_wconf 85' lang='lat' dir='ltr'><strong>seu</strong></span> <span class='ocrx_word' id='word_1_148' title='bbox 2002 1985 2348 2057; x_wconf 83' lang='lat' dir='ltr'><strong>regenerari</strong></span> <span class='ocrx_word' id='word_1_149' title='bbox 2381 1987 2667 2060; x_wconf 87' lang='lat' dir='ltr'><strong>possunt3</strong></span> 
     </span>
     <span class='ocr_line' id='line_1_17' title="bbox 547 2082 2668 2160; baseline 0 -19"><span class='ocrx_word' id='word_1_150' title='bbox 547 2083 639 2141; x_wconf 84' lang='lat' dir='ltr'><strong>his</strong></span> <span class='ocrx_word' id='word_1_151' title='bbox 684 2101 921 2160; x_wconf 88' lang='lat' dir='ltr'><strong>quoque</strong></span> <span class='ocrx_word' id='word_1_152' title='bbox 959 2086 1204 2159; x_wconf 88' lang='lat' dir='ltr'><strong>spiritus</strong></span> <span class='ocrx_word' id='word_1_153' title='bbox 1241 2084 1382 2141; x_wconf 92' lang='lat' dir='ltr'><strong>boni</strong></span> <span class='ocrx_word' id='word_1_154' title='bbox 1422 2084 1686 2159; x_wconf 86' lang='lat' dir='ltr'><strong>adjuncti</strong></span> <span class='ocrx_word' id='word_1_155' title='bbox 1727 2090 1893 2157; x_wconf 86' lang='lat' dir='ltr'><strong>sunt,</strong></span> <span class='ocrx_word' id='word_1_156' title='bbox 1943 2089 2010 2141; x_wconf 88' lang='lat' dir='ltr'><strong>ut</strong></span> <span class='ocrx_word' id='word_1_157' title='bbox 2044 2101 2155 2159; x_wconf 89' lang='lat' dir='ltr'><strong>per</strong></span> <span class='ocrx_word' id='word_1_158' title='bbox 2183 2083 2316 2141; x_wconf 88' lang='lat' dir='ltr'><strong>illos</strong></span> <span class='ocrx_word' id='word_1_159' title='bbox 2356 2082 2668 2141; x_wconf 84' lang='lat' dir='ltr'><strong>detinean-</strong></span> 
     </span>
     <span class='ocr_line' id='line_1_18' title="bbox 548 2182 2668 2259; baseline 0.001 -20"><span class='ocrx_word' id='word_1_160' title='bbox 548 2191 643 2240; x_wconf 87' lang='lat' dir='ltr'><strong>tur</strong></span> <span class='ocrx_word' id='word_1_161' title='bbox 679 2201 714 2239; x_wconf 90' lang='lat' dir='ltr'><strong>a</strong></span> <span class='ocrx_word' id='word_1_162' title='bbox 752 2182 907 2240; x_wconf 89' lang='lat' dir='ltr'><strong>malo</strong></span> <span class='ocrx_word' id='word_1_163' title='bbox 937 2190 1224 2258; x_wconf 89' lang='lat' dir='ltr'><strong>quantum</strong></span> <span class='ocrx_word' id='word_1_164' title='bbox 1256 2185 1550 2259; x_wconf 83' lang='lat' dir='ltr'><strong>possibile</strong></span> <span class='ocrx_word' id='word_1_165' title='bbox 1588 2191 1710 2253; x_wconf 83' lang='lat' dir='ltr'><strong>est;</strong></span> <span class='ocrx_word' id='word_1_166' title='bbox 1767 2183 1876 2242; x_wconf 86' lang='lat' dir='ltr'><strong>sed</strong></span> <span class='ocrx_word' id='word_1_167' title='bbox 1907 2183 2252 2242; x_wconf 87' lang='lat' dir='ltr'><strong>immediata</strong></span> <span class='ocrx_word' id='word_1_168' title='bbox 2289 2202 2492 2242; x_wconf 88' lang='lat' dir='ltr'><strong>eorum</strong></span> <span class='ocrx_word' id='word_1_169' title='bbox 2522 2199 2668 2242; x_wconf 88' lang='lat' dir='ltr'><strong>con-</strong></span> 
     </span>
     <span class='ocr_line' id='line_1_19' title="bbox 538 2282 2666 2360; baseline 0.002 -21"><span class='ocrx_word' id='word_1_170' title='bbox 538 2282 767 2358; x_wconf 88' lang='lat' dir='ltr'><strong>junctio</strong></span> <span class='ocrx_word' id='word_1_171' title='bbox 807 2289 899 2341; x_wconf 87' lang='lat' dir='ltr'><strong>est</strong></span> <span class='ocrx_word' id='word_1_172' title='bbox 937 2299 1071 2341; x_wconf 89' lang='lat' dir='ltr'><strong>cum</strong></span> <span class='ocrx_word' id='word_1_173' title='bbox 1106 2283 1279 2341; x_wconf 86' lang='lat' dir='ltr'><strong>malis</strong></span> <span class='ocrx_word' id='word_1_174' title='bbox 1312 2284 1620 2360; x_wconf 87' lang='lat' dir='ltr'><strong>spiritibus</strong></span> <span class='ocrx_word' id='word_1_175' title='bbox 1650 2287 1750 2359; x_wconf 89' lang='lat' dir='ltr'><strong>qui</strong></span> <span class='ocrx_word' id='word_1_176' title='bbox 1778 2287 2217 2343; x_wconf 88' lang='lat' dir='ltr'><strong>communicant</strong></span> <span class='ocrx_word' id='word_1_177' title='bbox 2245 2302 2379 2344; x_wconf 89' lang='lat' dir='ltr'><strong>cum</strong></span> <span class='ocrx_word' id='word_1_178' title='bbox 2405 2282 2666 2354; x_wconf 79' lang='lat' dir='ltr'><strong>InfernO,</strong></span> 
     </span>
     <span class='ocr_line' id='line_1_20' title="bbox 546 2383 2661 2461; baseline 0.001 -20"><span class='ocrx_word' id='word_1_179' title='bbox 546 2383 703 2442; x_wconf 86' lang='lat' dir='ltr'><strong>unde</strong></span> <span class='ocrx_word' id='word_1_180' title='bbox 740 2386 827 2442; x_wconf 88' lang='lat' dir='ltr'><strong>eis</strong></span> <span class='ocrx_word' id='word_1_181' title='bbox 864 2383 1017 2442; x_wconf 89' lang='lat' dir='ltr'><strong>tales</strong></span> <span class='ocrx_word' id='word_1_182' title='bbox 1046 2391 1214 2458; x_wconf 90' lang='lat' dir='ltr'><strong>sunt,</strong></span> <span class='ocrx_word' id='word_1_183' title='bbox 1255 2385 1463 2460; x_wconf 86' lang='lat' dir='ltr'><strong>quales</strong></span> <span class='ocrx_word' id='word_1_184' title='bbox 1493 2386 1613 2461; x_wconf 91' lang='lat' dir='ltr'><strong>ipsi</strong></span> <span class='ocrx_word' id='word_1_185' title='bbox 1638 2386 1907 2444; x_wconf 89' lang='lat' dir='ltr'><strong>homines</strong></span> <span class='ocrx_word' id='word_1_186' title='bbox 1940 2394 2113 2461; x_wconf 70' lang='lat' dir='ltr'><strong>sunt,</strong></span> <span class='ocrx_word' id='word_1_187' title='bbox 2153 2387 2206 2443; x_wconf 90' lang='lat' dir='ltr'><strong>si</strong></span> <span class='ocrx_word' id='word_1_188' title='bbox 2242 2392 2511 2444; x_wconf 87' lang='lat' dir='ltr'><strong>amantes</strong></span> <span class='ocrx_word' id='word_1_189' title='bbox 2548 2387 2661 2460; x_wconf 87' lang='lat' dir='ltr'><strong>sui,</strong></span> 
     </span>
     <span class='ocr_line' id='line_1_21' title="bbox 545 2484 2664 2561; baseline 0 -19"><span class='ocrx_word' id='word_1_190' title='bbox 545 2484 643 2544; x_wconf 90' lang='lat' dir='ltr'><strong>vel</strong></span> <span class='ocrx_word' id='word_1_191' title='bbox 681 2489 949 2544; x_wconf 84' lang='lat' dir='ltr'><strong>amantes</strong></span> <span class='ocrx_word' id='word_1_192' title='bbox 986 2485 1169 2555; x_wconf 78' lang='lat' dir='ltr'><strong>lucri,</strong></span> <span class='ocrx_word' id='word_1_193' title='bbox 1224 2485 1323 2548; x_wconf 87' lang='lat' dir='ltr'><strong>vel</strong></span> <span class='ocrx_word' id='word_1_194' title='bbox 1359 2492 1629 2546; x_wconf 86' lang='lat' dir='ltr'><strong>amantes</strong></span> <span class='ocrx_word' id='word_1_195' title='bbox 1664 2485 1988 2561; x_wconf 86' lang='lat' dir='ltr'><strong>vindictae,</strong></span> <span class='ocrx_word' id='word_1_196' title='bbox 2039 2486 2140 2544; x_wconf 84' lang='lat' dir='ltr'><strong>vel</strong></span> <span class='ocrx_word' id='word_1_197' title='bbox 2181 2493 2450 2545; x_wconf 86' lang='lat' dir='ltr'><strong>amantes</strong></span> <span class='ocrx_word' id='word_1_198' title='bbox 2489 2485 2664 2543; x_wconf 89' lang='lat' dir='ltr'><strong>adul-</strong></span> 
     </span>
     <span class='ocr_line' id='line_1_22' title="bbox 545 2586 2661 2663; baseline 0 -18"><span class='ocrx_word' id='word_1_199' title='bbox 545 2588 678 2646; x_wconf 88' lang='lat' dir='ltr'><strong>terii</strong></span> <span class='ocrx_word' id='word_1_200' title='bbox 717 2594 888 2663; x_wconf 88' lang='lat' dir='ltr'><strong>sunt,</strong></span> <span class='ocrx_word' id='word_1_201' title='bbox 943 2589 1189 2663; x_wconf 86' lang='lat' dir='ltr'><strong>spiritus</strong></span> <span class='ocrx_word' id='word_1_202' title='bbox 1228 2588 1453 2647; x_wconf 84' lang='lat' dir='ltr'><strong>similes</strong></span> <span class='ocrx_word' id='word_1_203' title='bbox 1493 2588 1738 2661; x_wconf 87' lang='lat' dir='ltr'><strong>adsunt,</strong></span> <span class='ocrx_word' id='word_1_204' title='bbox 1798 2595 1858 2646; x_wconf 88' lang='lat' dir='ltr'><strong>et</strong></span> <span class='ocrx_word' id='word_1_205' title='bbox 1899 2590 2205 2646; x_wconf 86' lang='lat' dir='ltr'><strong>in·eorum</strong></span> <span class='ocrx_word' id='word_1_206' title='bbox 2246 2586 2661 2647; x_wconf 87' lang='lat' dir='ltr'><strong>affectionibus</strong></span> 
     </span>
     <span class='ocr_line' id='line_1_23' title="bbox 545 2688 2663 2766; baseline 0 -21"><span class='ocrx_word' id='word_1_207' title='bbox 545 2688 717 2746; x_wconf 89' lang='lat' dir='ltr'><strong>malis</strong></span> <span class='ocrx_word' id='word_1_208' title='bbox 757 2691 930 2763; x_wconf 85' lang='lat' dir='ltr'><strong>quasi</strong></span> <span class='ocrx_word' id='word_1_209' title='bbox 967 2688 1269 2764; x_wconf 84' lang='lat' dir='ltr'><strong>habitant3</strong></span> <span class='ocrx_word' id='word_1_210' title='bbox 1329 2695 1388 2746; x_wconf 88' lang='lat' dir='ltr'><strong>et</strong></span> <span class='ocrx_word' id='word_1_211' title='bbox 1422 2688 1879 2766; x_wconf 48' lang='lat' dir='ltr'><strong>illioquantum</strong></span> <span class='ocrx_word' id='word_1_212' title='bbox 1921 2690 2095 2747; x_wconf 87' lang='lat' dir='ltr'><strong>homo</strong></span> <span class='ocrx_word' id='word_1_213' title='bbox 2134 2704 2251 2746; x_wconf 91' lang='lat' dir='ltr'><strong>non</strong></span> <span class='ocrx_word' id='word_1_214' title='bbox 2292 2689 2484 2747; x_wconf 84' lang='lat' dir='ltr'><strong>arceri</strong></span> <span class='ocrx_word' id='word_1_215' title='bbox 2524 2694 2663 2764; x_wconf 85' lang='lat' dir='ltr'><strong>pot-</strong></span> 
     </span>
     <span class='ocr_line' id='line_1_24' title="bbox 547 2788 2666 2865; baseline 0.001 -20"><span class='ocrx_word' id='word_1_216' title='bbox 547 2795 640 2846; x_wconf 85' lang='lat' dir='ltr'><strong>est</strong></span> <span class='ocrx_word' id='word_1_217' title='bbox 692 2805 729 2846; x_wconf 86' lang='lat' dir='ltr'><strong>a</strong></span> <span class='ocrx_word' id='word_1_218' title='bbox 772 2789 928 2846; x_wconf 89' lang='lat' dir='ltr'><strong>malo</strong></span> <span class='ocrx_word' id='word_1_219' title='bbox 975 2805 1085 2864; x_wconf 88' lang='lat' dir='ltr'><strong>per</strong></span> <span class='ocrx_word' id='word_1_220' title='bbox 1132 2789 1319 2848; x_wconf 86' lang='lat' dir='ltr'><strong>bonos</strong></span> <span class='ocrx_word' id='word_1_221' title='bbox 1359 2791 1634 2865; x_wconf 89' lang='lat' dir='ltr'><strong>spiritus,</strong></span> <span class='ocrx_word' id='word_1_222' title='bbox 1687 2794 1920 2849; x_wconf 86' lang='lat' dir='ltr'><strong>tantum</strong></span> <span class='ocrx_word' id='word_1_223' title='bbox 1970 2788 2305 2849; x_wconf 87' lang='lat' dir='ltr'><strong>accendunt</strong></span> <span class='ocrx_word' id='word_1_224' title='bbox 2351 2789 2549 2859; x_wconf 89' lang='lat' dir='ltr'><strong>illum,</strong></span> <span class='ocrx_word' id='word_1_225' title='bbox 2605 2795 2666 2848; x_wconf 84' lang='lat' dir='ltr'><strong>et</strong></span> 
     </span>
     <span class='ocr_line' id='line_1_25' title="bbox 546 2887 2665 2964; baseline 0.002 -20"><span class='ocrx_word' id='word_1_226' title='bbox 546 2893 830 2963; x_wconf 87' lang='lat' dir='ltr'><strong>quantum</strong></span> <span class='ocrx_word' id='word_1_227' title='bbox 867 2887 1102 2946; x_wconf 84' lang='lat' dir='ltr'><strong>affectio</strong></span> <span class='ocrx_word' id='word_1_228' title='bbox 1139 2895 1351 2964; x_wconf 81' lang='lat' dir='ltr'><strong>regnat</strong></span> <span class='ocrx_word' id='word_1_229' title='bbox 1396 2896 1628 2957; x_wconf 80' lang='lat' dir='ltr'><strong>tantum</strong></span> <span class='ocrx_word' id='word_1_230' title='bbox 1666 2890 1995 2950; x_wconf 88' lang='lat' dir='ltr'><strong>adhaerent</strong></span> <span class='ocrx_word' id='word_1_231' title='bbox 2030 2907 2140 2949; x_wconf 89' lang='lat' dir='ltr'><strong>nec</strong></span> <span class='ocrx_word' id='word_1_232' title='bbox 2175 2891 2481 2949; x_wconf 86' lang='lat' dir='ltr'><strong>recedunt.</strong></span> <span class='ocrx_word' id='word_1_233' title='bbox 2570 2888 2665 2948; x_wconf 86' lang='lat' dir='ltr'><strong>Ita</strong></span> 
     </span>
     <span class='ocr_line' id='line_1_26' title="bbox 541 2986 2662 3068; baseline 0.001 -22"><span class='ocrx_word' id='word_1_234' title='bbox 541 2987 718 3046; x_wconf 91' lang='lat' dir='ltr'><strong>homo</strong></span> <span class='ocrx_word' id='word_1_235' title='bbox 754 2986 949 3045; x_wconf 81' lang='lat' dir='ltr'><strong>malus</strong></span> <span class='ocrx_word' id='word_1_236' title='bbox 1001 2990 1353 3067; x_wconf 87' lang='lat' dir='ltr'><strong>conjunctus</strong></span> <span class='ocrx_word' id='word_1_237' title='bbox 1401 2996 1494 3048; x_wconf 87' lang='lat' dir='ltr'><strong>cst</strong></span> <span class='ocrx_word' id='word_1_238' title='bbox 1535 2990 1792 3065; x_wconf 74' lang='lat' dir='ltr'><strong>insemo,</strong></span> <span class='ocrx_word' id='word_1_239' title='bbox 1851 3000 1911 3050; x_wconf 88' lang='lat' dir='ltr'><strong>et</strong></span> <span class='ocrx_word' id='word_1_240' title='bbox 1955 2992 2132 3050; x_wconf 83' lang='lat' dir='ltr'><strong>homo</strong></span> <span class='ocrx_word' id='word_1_241' title='bbox 2172 2991 2362 3050; x_wconf 85' lang='lat' dir='ltr'><strong>bonus</strong></span> <span class='ocrx_word' id='word_1_242' title='bbox 2409 2991 2662 3068; x_wconf 80' lang='lat' dir='ltr'><strong>conjun-</strong></span> 
     </span>
     <span class='ocr_line' id='line_1_27' title="bbox 544 3088 1033 3147; baseline 0.002 -1"><span class='ocrx_word' id='word_1_243' title='bbox 544 3094 677 3146; x_wconf 89' lang='lat' dir='ltr'><strong>ctus</strong></span> <span class='ocrx_word' id='word_1_244' title='bbox 715 3092 808 3146; x_wconf 88' lang='lat' dir='ltr'><strong>est</strong></span> <span class='ocrx_word' id='word_1_245' title='bbox 846 3088 1033 3147; x_wconf 88' lang='lat' dir='ltr'><strong>coelo.</strong></span> 
     </span>
     <span class='ocr_line' id='line_1_28' title="bbox 703 3187 2667 3270; baseline 0.002 -24"><span class='ocrx_word' id='word_1_246' title='bbox 703 3191 738 3246; x_wconf 82' lang='lat'>2</span> <span class='ocrx_word' id='word_1_247' title='bbox 757 3190 789 3247; x_wconf 88' lang='grc'>9</span> <span class='ocrx_word' id='word_1_248' title='bbox 807 3190 863 3246; x_wconf 90' lang='lat'><strong>6.</strong></span> <span class='ocrx_word' id='word_1_249' title='bbox 923 3187 1100 3264; x_wconf 83' lang='lat' dir='ltr'><strong>Quod</strong></span> <span class='ocrx_word' id='word_1_250' title='bbox 1124 3190 1301 3249; x_wconf 91' lang='lat' dir='ltr'><strong>homo</strong></span> <span class='ocrx_word' id='word_1_251' title='bbox 1331 3199 1577 3267; x_wconf 85' lang='lat' dir='ltr'><strong>regatur</strong></span> <span class='ocrx_word' id='word_1_252' title='bbox 1603 3209 1714 3269; x_wconf 84' lang='lat' dir='ltr'><strong>per</strong></span> <span class='ocrx_word' id='word_1_253' title='bbox 1740 3195 1987 3270; x_wconf 86' lang='lat' dir='ltr'><strong>spiritus</strong></span> <span class='ocrx_word' id='word_1_254' title='bbox 2014 3212 2050 3252; x_wconf 86' lang='lat' dir='ltr'><strong>a</strong></span> <span class='ocrx_word' id='word_1_255' title='bbox 2077 3193 2354 3263; x_wconf 90' lang='lat' dir='ltr'><strong>Domino,</strong></span> <span class='ocrx_word' id='word_1_256' title='bbox 2401 3200 2493 3251; x_wconf 88' lang='lat' dir='ltr'><strong>est</strong></span> <span class='ocrx_word' id='word_1_257' title='bbox 2527 3193 2667 3269; x_wconf 88' lang='lat' dir='ltr'><strong>quia</strong></span> 
     </span>
     <span class='ocr_line' id='line_1_29' title="bbox 543 3288 2666 3370; baseline 0.002 -23"><span class='ocrx_word' id='word_1_258' title='bbox 543 3306 660 3348; x_wconf 90' lang='lat' dir='ltr'><strong>non</strong></span> <span class='ocrx_word' id='word_1_259' title='bbox 710 3292 770 3347; x_wconf 91' lang='lat' dir='ltr'><strong>in</strong></span> <span class='ocrx_word' id='word_1_260' title='bbox 820 3288 1024 3348; x_wconf 89' lang='lat' dir='ltr'><strong>ordine</strong></span> <span class='ocrx_word' id='word_1_261' title='bbox 1050 3291 1232 3351; x_wconf 80' lang='lat' dir='ltr'><strong>Coeli</strong></span> <span class='ocrx_word' id='word_1_262' title='bbox 1270 3299 1391 3366; x_wconf 89' lang='lat' dir='ltr'><strong>est,</strong></span> <span class='ocrx_word' id='word_1_263' title='bbox 1442 3296 1716 3370; x_wconf 27' lang='lat' dir='ltr'><strong>,nascitur</strong></span> <span class='ocrx_word' id='word_1_264' title='bbox 1752 3297 1906 3353; x_wconf 85' lang='lat' dir='ltr'><strong>enim</strong></span> <span class='ocrx_word' id='word_1_265' title='bbox 1958 3297 2016 3352; x_wconf 90' lang='lat' dir='ltr'><strong>in</strong></span> <span class='ocrx_word' id='word_1_266' title='bbox 2063 3294 2222 3352; x_wconf 89' lang='lat' dir='ltr'><strong>mala</strong></span> <span class='ocrx_word' id='word_1_267' title='bbox 2260 3309 2415 3370; x_wconf 85' lang='lat' dir='ltr'><strong>quae</strong></span> <span class='ocrx_word' id='word_1_268' title='bbox 2450 3294 2666 3352; x_wconf 82' lang='lat' dir='ltr'><strong>inferni</strong></span> 
     </span>
     <span class='ocr_line' id='line_1_30' title="bbox 502 3377 2661 3472; baseline 0.001 -23"><span class='ocrx_word' id='word_1_269' title='bbox 502 3436 509 3449; x_wconf 92' lang='lat'><em>.</em></span> <span class='ocrx_word' id='word_1_270' title='bbox 543 3397 714 3466; x_wconf 78' lang='lat' dir='ltr'><strong>sunt,</strong></span> <span class='ocrx_word' id='word_1_271' title='bbox 771 3391 857 3449; x_wconf 86' lang='lat' dir='ltr'><strong>ita</strong></span> <span class='ocrx_word' id='word_1_272' title='bbox 892 3408 1140 3467; x_wconf 89' lang='lat' dir='ltr'><strong>prorsus</strong></span> <span class='ocrx_word' id='word_1_273' title='bbox 1179 3400 1386 3452; x_wconf 86' lang='lat' dir='ltr'><strong>contra</strong></span> <span class='ocrx_word' id='word_1_274' title='bbox 1422 3392 1704 3452; x_wconf 86' lang='lat' dir='ltr'><strong>Divinum</strong></span> <span class='ocrx_word' id='word_1_275' title='bbox 1744 3395 2039 3468; x_wconf 87' lang='lat' dir='ltr'><strong>ordinem,</strong></span> <span class='ocrx_word' id='word_1_276' title='bbox 2097 3377 2463 3472; x_wconf 77' lang='lat' dir='ltr'><strong>quapropter</strong></span> <span class='ocrx_word' id='word_1_277' title='bbox 2497 3393 2661 3453; x_wconf 91' lang='lat' dir='ltr'><strong>redi-</strong></span> 
     </span>
     <span class='ocr_line' id='line_1_31' title="bbox 542 3492 2665 3572; baseline 0 -20"><span class='ocrx_word' id='word_1_278' title='bbox 542 3492 772 3569; x_wconf 87' lang='lat' dir='ltr'><strong>gendus</strong></span> <span class='ocrx_word' id='word_1_279' title='bbox 812 3499 905 3551; x_wconf 85' lang='lat' dir='ltr'><strong>est</strong></span> <span class='ocrx_word' id='word_1_280' title='bbox 938 3494 998 3551; x_wconf 90' lang='lat' dir='ltr'><strong>in</strong></span> <span class='ocrx_word' id='word_1_281' title='bbox 1037 3494 1332 3565; x_wconf 85' lang='lat' dir='ltr'><strong>ordinem,</strong></span> <span class='ocrx_word' id='word_1_282' title='bbox 1388 3500 1448 3552; x_wconf 88' lang='lat' dir='ltr'><strong>et</strong></span> <span class='ocrx_word' id='word_1_283' title='bbox 1482 3510 1604 3552; x_wconf 89' lang='lat' dir='ltr'><strong>non</strong></span> <span class='ocrx_word' id='word_1_284' title='bbox 1637 3494 1826 3571; x_wconf 87' lang='lat' dir='ltr'><strong>redigi</strong></span> <span class='ocrx_word' id='word_1_285' title='bbox 1874 3502 2078 3571; x_wconf 86' lang='lat' dir='ltr'><strong>potest</strong></span> <span class='ocrx_word' id='word_1_286' title='bbox 2111 3497 2224 3554; x_wconf 91' lang='lat' dir='ltr'><strong>nisi</strong></span> <span class='ocrx_word' id='word_1_287' title='bbox 2259 3495 2518 3555; x_wconf 87' lang='lat' dir='ltr'><strong>mediate</strong></span> <span class='ocrx_word' id='word_1_288' title='bbox 2553 3510 2665 3572; x_wconf 89' lang='lat' dir='ltr'><strong>per</strong></span> 
     </span>
     <span class='ocr_line' id='line_1_32' title="bbox 542 3593 2664 3671; baseline 0 -19"><span class='ocrx_word' id='word_1_289' title='bbox 542 3594 820 3669; x_wconf 18' lang='lat' dir='ltr'><strong>spiri1tus3</strong></span> <span class='ocrx_word' id='word_1_290' title='bbox 878 3593 1051 3653; x_wconf 87' lang='lat' dir='ltr'><strong>aliter</strong></span> <span class='ocrx_word' id='word_1_291' title='bbox 1097 3595 1250 3655; x_wconf 87' lang='lat' dir='ltr'><strong>foret</strong></span> <span class='ocrx_word' id='word_1_292' title='bbox 1296 3596 1348 3655; x_wconf 85' lang='lat' dir='ltr'><strong>si</strong></span> <span class='ocrx_word' id='word_1_293' title='bbox 1392 3595 1571 3655; x_wconf 90' lang='lat' dir='ltr'><strong>homo</strong></span> <span class='ocrx_word' id='word_1_294' title='bbox 1621 3598 1969 3655; x_wconf 82' lang='lat' dir='ltr'><strong>nasceretur</strong></span> <span class='ocrx_word' id='word_1_295' title='bbox 2012 3598 2072 3654; x_wconf 90' lang='lat' dir='ltr'><strong>in</strong></span> <span class='ocrx_word' id='word_1_296' title='bbox 2107 3596 2328 3656; x_wconf 90' lang='lat' dir='ltr'><strong>bonum</strong></span> <span class='ocrx_word' id='word_1_297' title='bbox 2375 3594 2535 3671; x_wconf 88' lang='lat' dir='ltr'><strong>quod</strong></span> <span class='ocrx_word' id='word_1_298' title='bbox 2571 3600 2664 3654; x_wconf 85' lang='lat' dir='ltr'><strong>est</strong></span> 
     </span>
     <span class='ocr_line' id='line_1_33' title="bbox 542 3678 2664 3773; baseline 0.002 -24"><span class='ocrx_word' id='word_1_299' title='bbox 542 3693 870 3752; x_wconf 84' lang='lat' dir='ltr'><strong>secundum</strong></span> <span class='ocrx_word' id='word_1_300' title='bbox 917 3678 1181 3755; x_wconf 85' lang='lat' dir='ltr'><strong>ordinem</strong></span> <span class='ocrx_word' id='word_1_301' title='bbox 1231 3695 1432 3768; x_wconf 86' lang='lat' dir='ltr'><strong>Coeli,</strong></span> <span class='ocrx_word' id='word_1_302' title='bbox 1487 3703 1628 3755; x_wconf 85' lang='lat' dir='ltr'><strong>tunc</strong></span> <span class='ocrx_word' id='word_1_303' title='bbox 1678 3713 1794 3755; x_wconf 89' lang='lat' dir='ltr'><strong>non</strong></span> <span class='ocrx_word' id='word_1_304' title='bbox 1830 3705 2138 3773; x_wconf 71' lang='lat' dir='ltr'><strong>regeretur</strong></span> <span class='ocrx_word' id='word_1_305' title='bbox 2175 3715 2211 3754; x_wconf 90' lang='lat' dir='ltr'><strong>a</strong></span> <span class='ocrx_word' id='word_1_306' title='bbox 2253 3697 2516 3755; x_wconf 89' lang='lat' dir='ltr'><strong>Domino</strong></span> <span class='ocrx_word' id='word_1_307' title='bbox 2551 3711 2664 3771; x_wconf 87' lang='lat' dir='ltr'><strong>per</strong></span> 
     </span>
     <span class='ocr_line' id='line_1_34' title="bbox 541 3789 2660 3874; baseline 0.002 -25"><span class='ocrx_word' id='word_1_308' title='bbox 541 3789 818 3869; x_wconf 81' lang='lat' dir='ltr'><strong>spirituS,</strong></span> <span class='ocrx_word' id='word_1_309' title='bbox 859 3794 967 3852; x_wconf 89' lang='lat' dir='ltr'><strong>sed</strong></span> <span class='ocrx_word' id='word_1_310' title='bbox 1001 3813 1111 3871; x_wconf 87' lang='lat' dir='ltr'><strong>per</strong></span> <span class='ocrx_word' id='word_1_311' title='bbox 1139 3799 1337 3874; x_wconf 87' lang='lat' dir='ltr'><strong>ipsum</strong></span> <span class='ocrx_word' id='word_1_312' title='bbox 1376 3798 1659 3871; x_wconf 87' lang='lat' dir='ltr'><strong>ordinem,</strong></span> <span class='ocrx_word' id='word_1_313' title='bbox 1699 3799 1783 3856; x_wconf 89' lang='lat' dir='ltr'><strong>ita</strong></span> <span class='ocrx_word' id='word_1_314' title='bbox 1819 3816 1930 3874; x_wconf 86' lang='lat' dir='ltr'><strong>per</strong></span> <span class='ocrx_word' id='word_1_315' title='bbox 1956 3798 2242 3855; x_wconf 86' lang='lat' dir='ltr'><strong>influxum</strong></span> <span class='ocrx_word' id='word_1_316' title='bbox 2272 3795 2660 3856; x_wconf 89' lang='lat' dir='ltr'><strong>communem.</strong></span> 
     </span>
     <span class='ocr_line' id='line_1_35' title="bbox 506 3890 2665 3975; baseline 0.001 -24"><span class='ocrx_word' id='word_1_317' title='bbox 506 3890 658 3951; x_wconf 88' lang='lat' dir='ltr'><strong>.Per</strong></span> <span class='ocrx_word' id='word_1_318' title='bbox 694 3892 851 3952; x_wconf 88' lang='lat' dir='ltr'><strong>hunc</strong></span> <span class='ocrx_word' id='word_1_319' title='bbox 891 3894 1174 3954; x_wconf 86' lang='lat' dir='ltr'><strong>influxum</strong></span> <span class='ocrx_word' id='word_1_320' title='bbox 1214 3899 1438 3973; x_wconf 87' lang='lat' dir='ltr'><strong>regitur</strong></span> <span class='ocrx_word' id='word_1_321' title='bbox 1471 3899 1649 3956; x_wconf 88' lang='lat' dir='ltr'><strong>homo</strong></span> <span class='ocrx_word' id='word_1_322' title='bbox 1688 3899 1886 3973; x_wconf 89' lang='lat' dir='ltr'><strong>quoad</strong></span> <span class='ocrx_word' id='word_1_323' title='bbox 1920 3898 2026 3957; x_wconf 87' lang='lat' dir='ltr'><strong>illa</strong></span> <span class='ocrx_word' id='word_1_324' title='bbox 2064 3916 2219 3974; x_wconf 88' lang='lat' dir='ltr'><strong>quae</strong></span> <span class='ocrx_word' id='word_1_325' title='bbox 2257 3897 2589 3975; x_wconf 87' lang='lat' dir='ltr'><strong>procedunt</strong></span> <span class='ocrx_word' id='word_1_326' title='bbox 2625 3913 2665 3955; x_wconf 84' lang='lat' dir='ltr'><strong>a</strong></span> 
     </span>
     <span class='ocr_line' id='line_1_36' title="bbox 540 3979 2666 4076; baseline 0.003 -26"><span class='ocrx_word' id='word_1_327' title='bbox 540 3994 898 4069; x_wconf 82' lang='lat' dir='ltr'><strong>cogitatione</strong></span> <span class='ocrx_word' id='word_1_328' title='bbox 937 4000 997 4051; x_wconf 86' lang='lat' dir='ltr'><strong>et</strong></span> <span class='ocrx_word' id='word_1_329' title='bbox 1029 3996 1337 4056; x_wconf 88' lang='lat' dir='ltr'><strong>voluntate</strong></span> <span class='ocrx_word' id='word_1_330' title='bbox 1373 4000 1434 4056; x_wconf 86' lang='lat' dir='ltr'><strong>in</strong></span> <span class='ocrx_word' id='word_1_331' title='bbox 1472 4005 1689 4075; x_wconf 85' lang='lat' dir='ltr'><strong>actum,</strong></span> <span class='ocrx_word' id='word_1_332' title='bbox 1725 4001 1812 4058; x_wconf 89' lang='lat' dir='ltr'><strong>ita</strong></span> <span class='ocrx_word' id='word_1_333' title='bbox 1838 3997 2037 4076; x_wconf 85' lang='lat' dir='ltr'><strong>quoad</strong></span> <span class='ocrx_word' id='word_1_334' title='bbox 2072 3998 2347 4075; x_wconf 86' lang='lat' dir='ltr'><strong>loquelas</strong></span> <span class='ocrx_word' id='word_1_335' title='bbox 2378 3979 2438 4058; x_wconf 86' lang='lat' dir='ltr'><strong>et</strong></span> <span class='ocrx_word' id='word_1_336' title='bbox 2467 3996 2666 4073; x_wconf 86' lang='lat' dir='ltr'><strong>quoad</strong></span> 
     </span>
     <span class='ocr_line' id='line_1_37' title="bbox 542 4094 2660 4163; baseline 0.003 -12"><span class='ocrx_word' id='word_1_337' title='bbox 542 4094 834 4163; x_wconf 85' lang='lat' dir='ltr'><strong>actiones,</strong></span> <span class='ocrx_word' id='word_1_338' title='bbox 891 4111 1028 4151; x_wconf 90' lang='lat' dir='ltr'><strong>nam</strong></span> <span class='ocrx_word' id='word_1_339' title='bbox 1067 4097 1182 4155; x_wconf 86' lang='lat' dir='ltr'><strong>hae</strong></span> <span class='ocrx_word' id='word_1_340' title='bbox 1223 4102 1282 4156; x_wconf 88' lang='lat' dir='ltr'><strong>et</strong></span> <span class='ocrx_word' id='word_1_341' title='bbox 1316 4098 1455 4156; x_wconf 88' lang='lat' dir='ltr'><strong>illae</strong></span> <span class='ocrx_word' id='word_1_342' title='bbox 1503 4098 1694 4158; x_wconf 88' lang='lat' dir='ltr'><strong>fluunt</strong></span> <span class='ocrx_word' id='word_1_343' title='bbox 1736 4098 2063 4159; x_wconf 88' lang='lat' dir='ltr'><strong>secundum</strong></span> <span class='ocrx_word' id='word_1_344' title='bbox 2103 4099 2370 4158; x_wconf 84' lang='lat' dir='ltr'><strong>ordinem</strong></span> <span class='ocrx_word' id='word_1_345' title='bbox 2411 4106 2660 4157; x_wconf 83' lang='lat' dir='ltr'><strong>natura-</strong></span> 
     </span>
     <span class='ocr_line' id='line_1_38' title="bbox 537 4192 2664 4278; baseline 0.003 -27"><span class='ocrx_word' id='word_1_346' title='bbox 537 4192 685 4270; x_wconf 88' lang='lat' dir='ltr'><strong>lem,</strong></span> <span class='ocrx_word' id='word_1_347' title='bbox 744 4210 877 4262; x_wconf 82' lang='lat' dir='ltr'><strong>cum</strong></span> <span class='ocrx_word' id='word_1_348' title='bbox 915 4196 1132 4276; x_wconf 88' lang='lat' dir='ltr'><strong>quibus</strong></span> <span class='ocrx_word' id='word_1_349' title='bbox 1169 4197 1303 4256; x_wconf 89' lang='lat' dir='ltr'><strong>ideo</strong></span> <span class='ocrx_word' id='word_1_350' title='bbox 1341 4199 1586 4274; x_wconf 88' lang='lat' dir='ltr'><strong>spiritus</strong></span> <span class='ocrx_word' id='word_1_351' title='bbox 1626 4202 1726 4274; x_wconf 90' lang='lat' dir='ltr'><strong>qui</strong></span> <span class='ocrx_word' id='word_1_352' title='bbox 1762 4201 2025 4278; x_wconf 81' lang='lat' dir='ltr'><strong>adjuncti</strong></span> <span class='ocrx_word' id='word_1_353' title='bbox 2078 4207 2218 4259; x_wconf 91' lang='lat' dir='ltr'><strong>sunt</strong></span> <span class='ocrx_word' id='word_1_354' title='bbox 2255 4199 2478 4258; x_wconf 90' lang='lat' dir='ltr'><strong>homini</strong></span> <span class='ocrx_word' id='word_1_355' title='bbox 2514 4197 2664 4257; x_wconf 90' lang='lat' dir='ltr'><strong>nihil</strong></span> 
     </span>
     <span class='ocr_line' id='line_1_39' title="bbox 539 4293 2664 4377; baseline 0.003 -24"><span class='ocrx_word' id='word_1_356' title='bbox 539 4311 849 4356; x_wconf 85' lang='lat' dir='ltr'><strong>commune</strong></span> <span class='ocrx_word' id='word_1_357' title='bbox 874 4293 1114 4357; x_wconf 84' lang='lat' dir='ltr'><strong>habent.</strong></span> <span class='ocrx_word' id='word_1_358' title='bbox 1170 4298 1287 4357; x_wconf 90' lang='lat' dir='ltr'><strong>Per</strong></span> <span class='ocrx_word' id='word_1_359' title='bbox 1314 4298 1599 4358; x_wconf 86' lang='lat' dir='ltr'><strong>influxum</strong></span> <span class='ocrx_word' id='word_1_360' title='bbox 1632 4316 2002 4361; x_wconf 87' lang='lat' dir='ltr'><strong>communem</strong></span> <span class='ocrx_word' id='word_1_361' title='bbox 2044 4320 2074 4361; x_wconf 85' lang='lat' dir='ltr'><strong>o</strong></span> <span class='ocrx_word' id='word_1_362' title='bbox 2111 4301 2332 4360; x_wconf 87' lang='lat' dir='ltr'><strong>mundo</strong></span> <span class='ocrx_word' id='word_1_363' title='bbox 2362 4298 2664 4377; x_wconf 86' lang='lat' dir='ltr'><strong>spirituali</strong></span> 
     </span>
    </p>
   </div>
  </div>
 </body>
</html>
