3013 5114
369 436 700 493 DOMIMUS
723 435 1057 492 NEMINEM
1078 437 1152 492 IN
1173 437 1544 493 INFERNUM
1567 440 1871 506 Dffllcm
1897 441 2035 498 SED
2059 443 2214 500 IPSE
2240 445 2337 500 SP.
2379 457 2487 507 339

368 604 468 658 tur
504 617 576 657 n:
627 598 709 657 31
732 600 759 655 1
801 596 879 655 ad
913 600 1049 656 317
1069 642 1086 668 ,
1146 606 1204 657 et
1244 598 1403 675 quod
1441 599 1527 661 ibi
1559 601 1856 678 myriades
1895 604 2223 681 myriadum
2253 623 2290 664 a
2322 610 2492 683 prin-

366 702 527 776 cipio
565 698 883 759 creationis
921 698 998 757 ad
1037 698 1152 759 hoc
1184 706 1424 777 tempus
1465 703 1616 777 sint,
1672 707 1734 762 et
1769 703 1929 779 quod
1965 694 2220 782 quisque
2259 723 2333 765 ex
2374 707 2492 768 illis

355 803 450 860 sit
504 800 643 859 talis
699 799 974 859 diabolus
1030 800 1225 876 qualis
1276 803 1338 859 in
1395 802 1616 862 mundo
1671 803 1871 863 fuerat
1921 812 2129 864 contra
2174 782 2491 885 Divinum3

364 901 647 961 videatur
673 900 747 959 de
775 900 869 958 his
897 917 1084 979 supra
1117 919 1186 960 n:
1231 903 1313 962 31
1338 906 1395 961 1.
1432 905 1467 964 3
1486 907 1513 961 1
1534 907 1594 961 2.

367 1069 626 1168 Quod
689 1070 1115 1141 Dominus
1180 1072 1616 1141 neminem
1690 1073 1779 1142 in
1843 1074 2295 1145 Infernum
2350 1078 2487 1148 dc-

493 1172 792 1269 jiciat,
850 1171 1007 1242 sed
1061 1171 1306 1269 quod
1359 1174 1566 1271 ipse
1619 1175 2012 1272 spiritus
2070 1196 2366 1248 semet.

530 1305 690 1366 545.
746 1305 925 1381 Apud
963 1305 1263 1382 quosdam*
1292 1307 1543 1366 invaluit
1578 1310 1813 1384 opinio,
1852 1308 2013 1386 quod
2048 1310 2219 1370 Deus
2256 1318 2492 1371 avertat

365 1408 582 1468 faciem
618 1406 694 1465 ab
730 1405 1000 1497 homiqe,
1054 1407 1291 1483 rejiciat
1324 1407 1491 1466 illum
1539 1427 1576 1467 a
1616 1407 1725 1479 Se,
1787 1415 1847 1469 et
1895 1412 2175 1489 conjiciat
2207 1415 2268 1470 in
2302 1413 2488 1473 infer-

365 1528 536 1582 num,
584 1512 645 1566 et
682 1506 846 1591 quod
877 1510 1172 1567 irascatur
1208 1515 1417 1568 contra
1451 1508 1622 1568 illum
1655 1517 1907 1589 propter
1939 1512 2191 1589 malum3
2232 1519 2294 1571 et
2328 1513 2492 1590 apud

366 1608 660 1687 quosdam
698 1608 894 1667 adhuc
929 1607 1121 1679 ultra,
1174 1603 1334 1687 quod
1367 1611 1541 1670 Deus
1580 1613 1794 1689 puniat
1825 1610 2172 1689 hominems
2216 1619 2278 1675 et
2310 1613 2494 1674 saciat

368 1715 429 1770 ei
479 1709 732 1785 malum3
796 1711 858 1768 in
910 1708 1024 1768 hac
1074 1713 1352 1788 opinione
1404 1710 1755 1772 confirmant
1806 1729 1874 1772 se
1924 1731 1999 1773 ex
2023 1730 2234 1774 esensu
2278 1713 2491 1774 literae
2579 1786 2582 1789 Α

365 1811 592 1880 Verbi,
643 1809 747 1869 ubi
790 1810 1010 1869 similia
1044 1811 1321 1870 dicuntur
1334 1856 1350 1887 ,
1406 1811 1526 1870 non
1561 1814 1851 1886 scientes,
1893 1814 2054 1889 quod
2092 1831 2308 1875 sensus
2357 1818 2486 1892 spi-

365 1911 598 1972 ritualis
635 1910 855 1984 Verbi,
903 1914 1006 1988 qui
1042 1912 1308 1988 explicat
1343 1927 1587 1972 sensum
1623 1912 1852 1988 literae,
1891 1930 2141 1990 prorsus
2178 1913 2332 1974 alius
2368 1918 2486 1990 sit3

363 2020 430 2074 et
467 2011 628 2090 quod
660 2012 797 2071 inde
832 2015 1094 2089 genuina
1128 2013 1418 2073 Doctrina
1441 2011 1772 2088 Ecclesiae,
1824 2032 1979 2096 qnae
2019 2031 2094 2074 ex
2128 2029 2314 2074 sensu
2357 2017 2487 2092 spi-

361 2115 566 2175 rituali
600 2110 792 2174 Verbi
830 2120 954 2188 est,
1011 2113 1174 2173 aliud
1213 2114 1456 2190 doceat3
1515 2114 1674 2189 quod
1713 2132 1930 2192 nempe
1974 2115 2149 2175 Deus
2193 2131 2490 2193 nusquam

364 2220 602 2276 avertat
640 2215 855 2275 faciem
892 2215 968 2274 ab
1005 2215 1274 2287 homine,
1339 2223 1401 2277 et
1435 2216 1672 2293 rejiciat
1714 2216 1884 2277 illum
1920 2235 1957 2274 a
1994 2215 2106 2291 Se,
2174 2216 2338 2293 quod
2369 2234 2489 2275 non

352 2319 645 2394 ¹conjiciat
680 2317 942 2392 aliquem
983 2320 1045 2376 in
1078 2316 1417 2393 Internum,
1475 2323 1536 2375 et
1575 2319 1873 2377 irascatur
1904 2314 2048 2399 (ee).
2138 2317 2270 2378 Hoc
2307 2319 2489 2377 etiam

365 2420 651 2493 quisque,
690 2417 862 2493 cujus
901 2433 1067 2476 mens
1102 2419 1165 2475 in
1199 2419 1602 2477 illustratione
1652 2424 1774 2491 est,
1830 2435 1965 2477 cum
2010 2417 2157 2492 legit
2197 2417 2485 2491 Verbum,

364 2518 623 2595 percipit
665 2516 859 2576 solum
911 2535 986 2577 ex
1039 2533 1147 2596 eo,
1203 2521 1345 2593 quia
1390 2517 1562 2586 Deus
1618 2524 1710 2575 est
1759 2517 1969 2593 Ipsum
2022 2517 2285 2587 Bonum,
2338 2516 2487 2593 Ipse

367 2620 582 2693 Amor,
640 2624 701 2675 et
733 2616 880 2693 Ipsa
909 2618 1353 2693 Misericordia3
1395 2625 1456 2677 et
1493 2616 1655 2692 quod
1694 2616 1900 2692 Ipsum
1936 2617 2161 2676 bonum
2195 2634 2314 2675 non
2341 2634 2488 2693 pos—

367 2723 449 2779 sit
490 2719 671 2778 alicui
705 2717 924 2776 malum
961 2719 1191 2790 facere,
1246 2735 1318 2777 ac
1351 2718 1494 2795 Ipse
1532 2719 1719 2776 Amor
1768 2724 1828 2777 et
1872 2717 2020 2795 Ipsa
2060 2716 2487 2776 'Misericordia

364 2839 481 2880 non
534 2819 728 2897 possit
776 2819 1027 2895 rejicere
1076 2819 1372 2877 hominem
1428 2837 1465 2877 a
1514 2816 1625 2889 Se,
1701 2821 1842 2894 quia
1892 2824 1985 2878 est
2034 2824 2240 2876 contra
2293 2820 2489 2893 ipsam

363 2923 691 2982 essentiam
725 2919 1176 2979 Misericordiae
1230 2926 1293 2978 et
1339 2921 1616 2992 Amoris·
1670 2922 1756 2978 ita
1803 2924 2010 2979 contra
2056 2918 2262 2995 Ipsum
2312 2917 2487 2976 Divi-

363 3041 539 3098 num3
607 3028 977 3097 quapropter
1016 3020 1104 3079 illi
1140 3023 1242 3095 qui
1290 3038 1364 3080 ex
1401 3026 1600 3079 mente
1649 3019 1953 3079 illustrata
1988 3022 2289 3096 cogitant,
2346 3019 2488 3079 dum

361 3124 572 3201 legunt
618 3122 919 3197 Verbum,
996 3122 1156 3187 clare
1201 3124 1569 3199 percipiunt,
1647 3121 1805 3198 quod
1851 3122 2023 3180 Deus
2073 3136 2369 3197 nusquam
2418 3136 2487 3179 se

362 3229 599 3284 avertat
633 3224 709 3282 ab
749 3221 1019 3298 homine,
1073 3203 1138 3281 'et
1183 3225 1327 3299 quia
1374 3239 1442 3282 se
1489 3238 1609 3280 non
1655 3225 1874 3281 avertit
1909 3223 1984 3280 ab
2020 3221 2157 3291 illo,
2212 3221 2374 3297 quod
2411 3237 2487 3279 ex

364 3325 561 3400 Bono,
614 3325 836 3384 Amore
876 3323 1394 3383 etxMisericordia
1434 3340 1566 3383 cum
1610 3323 1714 3381 illo
1763 3331 1935 3398 agat,
1997 3322 2112 3402 hoc
2150 3328 2270 3390 est,
2328 3319 2488 3395 quod

260 3482 269 3495 ,
362 3424 584 3485 bonum
622 3426 752 3503 ejus
788 3419 967 3500 velit,
1023 3424 1183 3502 quod
1221 3430 1380 3483 amet
1415 3424 1616 3497 illum,
1658 3429 1718 3479 et
1747 3421 1908 3498 quod
1943 3424 2300 3479 misereatur
2336 3419 2487 3495 ejus,

361 3525 508 3585 Inde
557 3528 739 3586 etiam
790 3525 1031 3600 vident,
1088 3525 1248 3601 quod
1299 3540 1516 3583 sensus
1558 3524 1769 3582 literae
1813 3520 2036 3595 Verbi,
2088 3522 2149 3578 in
2186 3536 2301 3595 quo
2341 3518 2488 3600 talia

481 3726 601 3793 (ee)
639 3724 811 3805 Quod
836 3724 922 3777 ira
950 3734 1007 3779 et
1045 3722 1519 3777 excandescentia
1558 3722 1616 3773 in
1647 3720 1846 3774 Verbo
1888 3720 2181 3773 tribuatur
2209 3719 2479 3784 Domine,

363 3803 462 3857 scd
491 3802 649 3875 quod
677 3802 752 3854 sit
776 3799 928 3871 apud
966 3800 1273 3862 hominem,
1302 3809 1359 3852 ct
1385 3798 1539 3870 quod
1572 3799 1645 3850 ita
1683 3796 1929 3859 dicatur,
1973 3796 2109 3868 quia
2138 3796 2213 3848 ita
2243 3807 2487 3869 apparet

360 3898 559 3933 coram
603 3878 857 3941 homine,
904 3894 1032 3930 cum
1062 3877 1306 3947 punitur
1340 3886 1395 3928 et
1422 3875 1745 3936 damnatur,
1792 3890 1859 3923 n:
1905 3879 2072 3932 5798,
2105 3880 2270 3932 6997.
2309 3880 2482 3932 8284.

367 3963 533 4017 8483.
579 3963 748 4016 8875.
800 3960 968 4013 9306.
1017 3959 1224 4012 10431.
1310 3950 1476 4017 Quod
1542 3952 1714 4003 etiam
1771 3950 1981 4001 malum
2037 3949 2330 4002 tribuatur
2372 3947 2483 4001 Do-

361 4032 552 4095 mino,
598 4049 724 4084 cum
770 4040 960 4083 tamen
999 4046 1030 4082 a
1073 4028 1322 4081 Domino
1366 4028 1511 4081 nihil
1555 4026 1663 4078 nisi
1710 4041 1879 4097 quam
1919 4024 2158 4089 bonum,
2205 4042 2269 4077 n:
2313 4030 2482 4084 2447.

360 4116 535 4169 6071.
578 4116 743 4167 6991·
789 4115 955 4166 6997.
1014 4113 1183 4165 7533·
1239 4112 1403 4164 7632·
1450 4112 1620 4164 7679·
1665 4110 1832 4162 7926·
1886 4108 2054 4161 8227·
2096 4109 2261 4161 8228·
2311 4107 2484 4159 8632.

362 4192 530 4243 9306.
614 4183 733 4235 Cur
775 4183 850 4235 ita
892 4183 950 4234 in
992 4181 1196 4234 Verbo
1238 4181 1484 4245 dicitur,
1543 4199 1609 4231 n:
1667 4187 1836 4238 6071.
1883 4186 2051 4238 6991.
2098 4185 2265 4237 6997.
2311 4182 2483 4234 7643.

364 4268 530 4320 7632·
575 4267 740 4318 7679·
788 4268 950 4317 7710·
994 4266 1158 4317 7926·
1204 4265 1372 4317 8282·
1417 4264 1587 4317 9009.
1633 4263 1803 4314 9128.
1877 4251 2045 4318 Quod
2087 4252 2369 4305 Dominus
2411 4248 2484 4300 sit

360 4352 504 4408 pura
548 4334 951 4387 Misericordia
996 4345 1051 4386 ct
1093 4334 1444 4395 Clementia,
1505 4350 1572 4385 n:
1619 4339 1785 4390 6997.
1835 4336 2061 4450 88Ζῗ3).*

2263 4945 2268 4950 ,
2545 4913 2560 4944 l‘

2205 5005 2212 5018 ‘
2247 4959 2280 5038 Ξ
2297 4979 2320 5038 ἲ.
2341 4947 2552 5038 θῖξῗζῧ

2621 4731 2704 4792 {Al-¹
