3013 5114
506 388 707 443 HOMO
752 387 937 443 POST
976 388 1283 445 MORTEM
1323 390 1456 446 EST
1495 391 1570 446 IN
1613 392 1794 447 OMNI
1835 393 2083 458 SENSU,
2124 390 2282 451 ETC.
2365 404 2473 458 281

351 555 513 606 amat
549 547 655 607 illa
693 566 866 624 vera,
909 555 1139 609 tantum
1177 567 1296 609 non
1331 551 1641 611 rationalis
1676 552 1771 622 fit,
1814 570 1935 612 non
1970 554 2122 613 enim
2163 559 2324 613 amat
2356 555 2480 630 illa,

347 649 460 708 sed
495 655 719 723 semet,
779 652 876 709 cui
912 656 1059 708 vera
1106 652 1377 714 serviunt
1425 655 1585 711 sicut
1635 653 1842 712 famuli
1892 654 2151 714 Domino
2166 675 2183 731 3
2239 660 2300 713 et
2344 671 2480 714 cum

346 766 496 809 vera
533 749 682 808 fiunt
735 753 1015 822 servitia,
1068 757 1210 810 tunc
1259 769 1377 810 non
1420 755 1645 812 intrant
1692 753 2024 825 hominem,
2075 771 2145 815 ac
2201 757 2482 832 aperiunt

345 851 613 926 aliquem
654 851 903 927 gradum
951 854 1114 911 vitae
1161 853 1324 930 ejus,
1379 871 1455 914 ne
1505 854 1745 930 quidem
1795 858 2084 932 primum,
2146 855 2255 916 sed
2303 856 2477 916 modo

346 948 620 1011 resident
668 954 727 1010 in
763 955 1073 1027 memoria,
1130 960 1198 1012 ut
1248 954 1577 1014 scientifica
1622 955 1736 1015 sub
1790 956 1980 1015 forma
2023 956 2347 1032 materiali,
2405 974 2477 1017 ac

346 1051 431 1110 ibi
486 1068 552 1110 se
600 1053 1139 1130 conjunguntxcum
1191 1071 1391 1115 amore
1445 1058 1573 1130 sui,
1637 1057 1737 1132 qui
1783 1063 1877 1116 est
1923 1074 2090 1115 amor
2130 1073 2476 1135 corporeus.

345 1152 437 1211 Ex
487 1152 580 1210 his
624 1160 899 1213 constare
946 1160 1176 1231 potest,
1235 1156 1531 1232 quomodo
1579 1156 1755 1216 homo
1806 1141 1873 1216 fit.
1919 1154 2258 1232 rationalis,
2321 1159 2478 1234 quod

346 1270 564 1329 nempe
613 1255 689 1311 ad
742 1256 981 1313 tertium
1034 1254 1283 1333 gradum
1342 1273 1453 1334 per
1495 1275 1758 1317 amorem
1815 1259 2189 1336 spiritualem
2236 1258 2376 1316 boni
2415 1265 2475 1317 et

346 1357 504 1428 veri,
562 1370 718 1431 quae
748 1361 887 1413 sunt
928 1355 1096 1416 Cocli
1132 1364 1192 1418 et
1225 1357 1575 1436 Ecclesiae3
1615 1359 1691 1417 ad
1718 1359 2051 1419 secundum
2090 1359 2340 1436 gradum
2367 1376 2480 1435 per

344 1472 611 1515 amorem
660 1457 880 1515 sinceri
923 1463 984 1516 et
1036 1460 1217 1534 recti3
1296 1466 1355 1518 et
1410 1460 1571 1536 quod
1629 1460 1702 1518 ad
1758 1462 2016 1538 primum
2066 1459 2315 1537 gradum
2369 1477 2479 1537 per

343 1573 610 1615 amorem
637 1557 788 1633 justi
826 1566 884 1615 et
925 1561 1105 1635 aequi
1118 1578 1134 1633 3
1190 1561 1289 1635 qui
1329 1559 1452 1619 bini
1489 1578 1726 1621 amores
1767 1564 1952 1621 etiam
1994 1561 2144 1620 fiunt
2181 1563 2472 1637 spiritua-

342 1656 437 1716 les
475 1674 548 1717 ex
585 1675 790 1717 amore
828 1659 1125 1735 spirituali
1162 1659 1306 1719 boni
1360 1667 1421 1721 et
1454 1664 1620 1732 veri,
1675 1665 1819 1739 quia
1851 1662 1947 1721 hic
1989 1661 2178 1720 influit
2214 1663 2277 1720 in
2315 1660 2470 1735 illos,

345 1764 407 1816 et
445 1774 513 1816 se
557 1759 862 1835 conjungit
905 1762 1024 1832 eiS,
1084 1767 1145 1820 et
1179 1761 1397 1820 format
1442 1763 1501 1819 in
1537 1764 1610 1820 iis
1650 1764 1808 1822 sicut
1848 1778 1992 1821 suas
2031 1762 2234 1821 facies.

309 1854 314 1857 ’
500 1861 664 1918 469.
737 1857 996 1935 Spiritus
1040 1868 1099 1920 et
1147 1860 1363 1938 Angeli
1404 1879 1600 1938 aeque
1650 1863 1998 1922 Memoriam
2046 1861 2270 1921 habent
2316 1864 2475 1922 sicut

340 1960 645 2035 homines3
700 1967 1015 2036 permanet
1047 1964 1201 2021 enim
1239 1962 1404 2039 apud
1437 1963 1573 2021 illos
1613 1962 1895 2040 quicquid
1931 1962 2208 2034 audiunt,
2252 1962 2474 2036 vident,

343 2063 642 2137 cogitant,
683 2062 919 2136 volunt,
971 2069 1029 2121 et
1065 2064 1318 2137 faciunt,
1383 2069 1442 2122 et
1480 2081 1719 2141 quoque
1756 2080 1867 2140 per
1900 2063 1961 2121 id
1998 2063 2293 2122 excolitur
2329 2079 2474 2121 con-

342 2163 508 2220 tinue
557 2163 876 2221 Rationale
930 2180 1165 2237 eorum,
1226 2172 1284 2223 et
1327 2163 1441 2224 hoc
1493 2167 1556 2223 in
1610 2172 1950 2241 aeternum3
2005 2164 2142 2223 inde
2188 2162 2476 2239 estquod

344 2260 606 2338 Spiritus
657 2270 715 2323 et
771 2264 990 2342 Angeli
1044 2265 1428 2341 perficiantur
1474 2263 1872 2343 intelligentia
1921 2273 1982 2325 et
2032 2267 2332 2342 sapientia
2365 2281 2478 2341 per

342 2366 713 2441 cognitiones
750 2368 879 2424 veri
924 2373 983 2425 et
1016 2366 1157 2424 boni
1200 2383 1394 2443 aeque
1444 2384 1517 2427 ac
1551 2367 1843 2426 homines.
1935 2366 2112 2441 Quod
2154 2364 2476 2440 Spiritibus

344 2472 407 2523 et
440 2465 689 2544 Angelis
727 2469 1014 2525 memoria
1054 2470 1157 2537 sit,
1222 2469 1398 2526 etiam
1438 2485 1549 2544 per
1586 2466 1822 2542 plurem
1867 2466 2296 2542 experientiam
2335 2463 2479 2523 mihi

343 2567 500 2627 scire
537 2569 738 2627 datum
778 2576 901 2645 est3
956 2569 1081 2626 vidi
1128 2570 1282 2627 enim
1334 2567 1494 2646 quod
1531 2586 1609 2627 ex
1643 2567 1882 2625 illorum
1918 2566 2206 2625 memoria
2250 2582 2472 2625 evoca·

341 2675 549 2727 rentur
598 2672 796 2729 omnia
843 2686 997 2745 quae
1048 2670 1462 2746 cogitaverunt
1513 2674 1574 2727 et
1612 2668 1916 2741 fecerunt,
1976 2672 2099 2725 tam
2147 2668 2208 2724 in
2244 2683 2473 2743 propa-

338 2768 468 2829 tulo
507 2789 683 2847 quam
737 2774 799 2830 in
840 2770 1225 2844 abscondito,
1281 2786 1418 2829 cum
1469 2769 1712 2829 suerunt
1764 2784 1897 2827 cum
1944 2766 2080 2826 aliis
2133 2766 2468 2843 spiritibus;

341 2878 401 2930 et
451 2888 691 2947 quoque
736 2872 895 2949 quod
943 2871 1061 2945 illi,
1131 2872 1235 2946 qui
1272 2871 1333 2929 in
1386 2869 1587 2947 aliquo
1638 2886 1781 2928 vero
1825 2871 2067 2928 fuerunt
2104 2885 2178 2927 ex
2220 2863 2478 2946 simplici

336 2970 525 3044 bono,
579 2974 790 3032 imbuti
832 2975 955 3031 sint
990 2971 1458 3048 cognitionibus,
1517 2977 1577 3029 et
1612 2988 1724 3048 per
1756 2970 1894 3029 illas
1930 2965 2356 3046 intelligentia,
2413 2976 2476 3028 et

335 3072 475 3130 dein
532 3075 594 3132 in
651 3074 888 3134 coelum
948 3074 1144 3133 evecti
1192 3074 1329 3131 sint.
1430 3071 1551 3133 Sed
1607 3071 1914 3131 sciendum
1968 3078 2090 3146 est,
2144 3070 2303 3147 quod
2353 3087 2471 3131 non

337 3173 500 3232 ultra
533 3174 876 3234 imbuantur
918 3172 1356 3251 cognitionibus
1402 3179 1462 3233 et
1510 3190 1621 3250 per
1654 3173 1790 3233 illas
1827 3171 2251 3250 intelligentia,
2293 3189 2471 3248 quam

337 3273 417 3331 ad
453 3275 705 3351 gradum
749 3275 1083 3336 affectionis
1113 3272 1253 3333 boni
1292 3282 1352 3335 et
1390 3276 1552 3345 veri,
1602 3276 1661 3332 in
1705 3291 1824 3351 qua
1858 3276 2099 3333 fuerunt
2132 3275 2194 3331 in
2229 3271 2471 3346 mundo,

337 3390 459 3432 non
501 3383 700 3435 autem
737 3377 896 3436 ultra
944 3393 1128 3451 eum,
1171 3378 1363 3435 cuivis
1416 3378 1571 3434 enim
1619 3375 1858 3451 spiritui
1906 3380 1967 3431 et
2014 3370 2227 3448 angelo
2277 3379 2479 3430 manet

341 3472 612 3547 affectio,
669 3485 893 3552 quanta
929 3483 989 3534 et
1025 3477 1221 3554 qualis
1261 3479 1316 3535 ei
1344 3476 1543 3535 suerat
1577 3476 1638 3533 in
1674 3474 1922 3546 mundo,
1980 3479 2039 3532 et
2073 3471 2226 3529 haec
2264 3477 2477 3547 postea

339 3574 650 3649 perficitur
685 3592 797 3650 per
830 3576 1273 3652 impletionem,
1336 3574 1496 3651 quod
1541 3575 1719 3633 etiam
1758 3573 1825 3631 fit
1863 3575 1923 3632 in
1967 3579 2295 3646 aeternum,
2335 3588 2472 3630 nam

336 3673 486 3733 nihil
522 3691 639 3733 non
681 3675 919 3751 impleri
946 3681 1153 3751 potest
1176 3658 1247 3733 *in
1293 3682 1636 3746 aeternum,
1697 3675 1884 3731 omnis
1924 3676 2077 3731 enim
2115 3688 2214 3730 res
2251 3673 2473 3762 infinite

334 3777 563 3835 variari
598 3781 834 3851 potest,
884 3778 969 3833 ita
1013 3792 1124 3849 per
1159 3772 1329 3834 varia
1373 3773 1762 3850 locupletari,
1802 3775 2051 3851 proinde
2091 3773 2474 3850 multiplicari

336 3883 399 3936 et
431 3878 806 3946 fructificari,
859 3892 978 3935 non
1026 3875 1160 3934 finis
1211 3882 1303 3935 est
1347 3875 1453 3934 ulli
1489 3877 1580 3933 rei
1613 3873 1841 3945 bonae,
1896 3877 2035 3951 quia
2078 3881 2170 3934 est
2208 3874 2283 3933 ab
2319 3875 2467 3935 Infi-

333 3979 478 4037 nito.
548 3976 724 4054 Quod
769 3979 1015 4055 spiritus
1055 3983 1117 4035 et
1159 3976 1356 4054 angeli
1395 3979 1675 4036 continue
1715 3977 2104 4054 perficiantur
2127 3976 2470 4054 intelligen-

334 4079 424 4136 tia
457 4084 517 4137 et
552 4081 850 4158 sapientia
885 4097 996 4157 per
1024 4080 1394 4156 cognitiones
1431 4079 1564 4137 veri
1599 4084 1658 4138 et
1685 4078 1857 4152 boni,
1896 4079 2181 4138 videatur
2207 4079 2267 4135 in
2296 4076 2464 4135 Arti-

335 4177 522 4253 culis,
594 4181 698 4240 ubi
755 4180 828 4242 de
876 4183 1176 4258 sapientia
1219 4180 1593 4258 Angelorum
1641 4178 1808 4240 Coeli
1875 4197 1943 4238 n:
1988 4180 2125 4238 265
2170 4176 2247 4235 ad
2287 4177 2463 4250 2755

337 4276 411 4336 de
458 4276 751 4341 Gentibus
799 4289 858 4342 et
901 4280 1150 4359 Populis
1206 4287 1378 4340 extra
1426 4280 1763 4341 Ecclesiam
1817 4280 1874 4337 in
1926 4278 2140 4353 Coelo,
2197 4294 2266 4333 n:
2330 4277 2467 4335 318
