3013 5114
742 407 833 460 DE
877 405 1257 461 SAPIENTIA
1299 408 1746 463 ANGELORUM
1787 409 2015 466 COELI.
2358 422 2457 475 141

341 570 535 646 primo
593 584 705 626 seu
750 564 959 626 ultimo
1023 575 1191 642 sunt3
1270 567 1386 642 illi,
1454 568 1618 646 apud
1663 587 1814 646 quos
1877 570 2178 630 secundus
2239 572 2460 648 gradus

344 675 596 747 apertus
638 674 765 743 est,
830 671 892 726 in
942 667 1125 727 Coelo
1171 669 1437 728 secundo
1491 687 1603 728 seu
1650 671 1845 729 medio
1892 679 2060 747 sunt3
2122 673 2212 731 illi
2264 680 2463 733 autem

343 769 506 848 apud
559 785 710 846 quos
765 772 975 827 tertius
1026 769 1248 845 gradus
1301 780 1551 845 apertus
1600 784 1721 845 est,
1787 775 1847 830 in
1897 771 2078 831 Coelo
2126 775 2301 832 tertio
2351 791 2461 834 seu

340 874 546 931 intimo
584 876 749 945 sunt3
807 870 1133 928 secundum
1177 870 1286 929 hos
1339 871 1561 946 gradus
1614 879 1707 931 est
1750 875 2048 949 sapientia
2094 874 2461 951 Angelorum

341 974 405 1032 in
441 970 678 1046 Coelis3
738 971 876 1030 inde
915 973 1212 1047 sapientia
1245 971 1616 1048 Angelorum
1651 973 1848 1031 Intimi
1905 973 2070 1032 Coeli
2106 977 2461 1035 immensum

344 1071 717 1132 transcendit
780 1074 1138 1147 sapientiam
1202 1072 1570 1148 Angelorum
1631 1073 1815 1132 Medii
1862 1073 2063 1148 Coeli,
2142 1081 2202 1134 et
2248 1076 2460 1135 horum

345 1175 643 1251 sapientia
679 1174 1037 1249 sapientiam
1082 1173 1445 1249 Angelorum
1481 1172 1687 1234 Ultimi
1726 1173 1917 1248 Coeli,
1962 1174 2234 1235 videatur
2271 1193 2461 1254 supra

344 1293 415 1333 n:
461 1276 625 1333 209.
689 1275 854 1342 210,
926 1279 986 1333 et
1034 1273 1242 1349 quales
1281 1274 1502 1350 gradus
1541 1277 1690 1349 sint,
1760 1294 1831 1334 n:
1879 1277 1988 1334 38.
2074 1275 2250 1353 Quod
2314 1277 2461 1336 talia

346 1375 690 1435 discrimina
726 1377 876 1448 sint,
949 1381 1042 1433 est
1073 1377 1214 1451 quia
1263 1368 1368 1433 illa
1417 1392 1571 1451 quae
1617 1380 1679 1436 in
1725 1379 2022 1453 superiori
2069 1377 2260 1454 gradu
2301 1386 2455 1452 sunt,

345 1474 675 1553 singularia
710 1481 866 1549 sunt,
924 1481 982 1532 et
1019 1492 1174 1551 quae
1212 1477 1273 1534 in
1299 1476 1562 1535 inferiori
1600 1479 1962 1552 communia,
2030 1484 2090 1537 et
2126 1481 2461 1538 communia

343 1582 487 1636 sunt
535 1578 901 1636 continentia
940 1576 1329 1653 singularium
1343 1597 1358 1651 3
1428 1594 1494 1636 se
1545 1578 1770 1637 habent
1817 1577 2144 1655 singularia
2180 1579 2256 1638 ad
2291 1597 2456 1639 eom-

344 1678 551 1735 munia
602 1679 760 1736 sicut
803 1676 991 1735 millia
1026 1684 1128 1735 aut
1162 1678 1460 1755 myriades
1499 1678 1578 1736 ad
1611 1697 1820 1754 unum,
1881 1682 1966 1737 ita
1999 1683 2296 1756 sapientia
2329 1682 2460 1740 An-

350 1777 620 1854 gelorum
670 1779 999 1855 superioris
1039 1777 1208 1837 Coeli
1252 1778 1328 1836 ad
1368 1780 1723 1856 sapientiam
1760 1779 2126 1856 Angelorum
2159 1782 2457 1841 inferioris

349 1876 522 1938 Coeli
594 1880 946 1955 respective.
1072 1877 1192 1937 Sed
1260 1878 1474 1938 horum
1548 1881 1846 1956 sapientia
1920 1898 2110 1956 usque
2186 1881 2459 1941 similiter

348 1978 719 2038 transcendit
775 1982 1129 2056 sapientiam
1183 1980 1471 2053 hominis,
1542 1998 1679 2039 nam
1727 1980 1904 2039 homo
1948 1983 2009 2040 in
2058 1997 2347 2057 corporeo
2398 1988 2460 2041 et

343 2079 480 2157 ejus
533 2080 912 2139 sensualibus
957 2088 1077 2150 est,
1131 2087 1191 2140 et
1231 2080 1537 2141 sensualia
1571 2099 1863 2158 corporea
1905 2081 2158 2140 hominis
2208 2089 2348 2140 sunt
2397 2084 2458 2141 in

337 2179 539 2241 infimo
605 2181 830 2258 gradu3
892 2181 1030 2241 inde
1073 2188 1269 2258 patet,
1333 2182 1528 2258 qualis
1584 2183 1880 2260 sapientia
1930 2189 2023 2241 est
2068 2181 2188 2242 illis
2242 2185 2345 2259 qui
2383 2200 2457 2244 ex

342 2282 728 2342 sensualibus
784 2286 1074 2361 cogitant,
1140 2283 1253 2341 hoc
1309 2289 1429 2358 est,
1493 2284 1612 2342 illis
1662 2286 1765 2360 qui
1813 2283 2126 2343 sensuales
2183 2285 2457 2344 homines

339 2390 659 2457 vocantur,
715 2384 874 2459 quod
910 2401 1123 2461 nempe
1163 2402 1279 2442 non
1309 2386 1426 2442 sint
1460 2387 1523 2443 in
1564 2384 1767 2461 aliqua
1810 2386 2142 2461 sapientia,
2208 2385 2315 2444 sed
2351 2402 2454 2444 so-

337 2482 461 2542 lum
503 2485 565 2542 in
601 2486 853 2544 scientia
892 2481 1013 2566 (b):
1065 2485 1239 2543 aliter
1274 2501 1418 2543 vero
1446 2485 1534 2543 illi
1567 2485 1869 2559 homineS,
1926 2501 2177 2561 quorum
2222 2487 2454 2563 cogita-

242 2605 245 2606 ’
339 2587 538 2645 tiones
584 2586 860 2646 elevatae
910 2593 1049 2645 sunt
1087 2603 1272 2662 supra
1318 2585 1655 2659 sensualia,
1734 2593 1793 2645 et
1826 2586 2016 2661 magis
2055 2603 2306 2667 quorum
2355 2588 2451 2645 in-

338 2688 565 2746 teriora
608 2694 820 2765 aperta
869 2695 1010 2746 sunt
1046 2703 1237 2762 usque
1277 2689 1337 2744 in
1372 2686 1572 2745 lucem
1608 2686 1775 2745 coeli.
1835 2693 1856 2704 ”
2091 2675 2097 2686 ’

501 2790 665 2848 268.
746 2788 988 2866 Quanta
1032 2789 1331 2867 sapientia
1369 2787 1740 2865 Angelorum
1775 2794 1898 2862 est,
1941 2792 2216 2847 constare
2251 2792 2455 2867 potest

494 3020 586 3086 (b)
652 3018 818 3085 Quod
859 3020 1120 3073 sensuale
1149 3020 1223 3073 sit
1255 3020 1522 3073 ultimum
1557 3020 1711 3073 vitae
1751 3020 2000 3074 hominis
2035 3019 2350 3074 adhaerens
2395 3030 2455 3074 et

340 3096 649 3150 inhaerens
710 3113 1003 3167 corporeo
1064 3096 1229 3164 ejus,
1304 3114 1375 3149 ιι.
1432 3103 1603 3157 5077.
1648 3104 1816 3157 5767.
1861 3105 2025 3157 9212.
2071 3105 2237 3158 9216.
2284 3104 2450 3157 9331.

341 3180 509 3231 9730.
590 3171 760 3248 Quod
804 3172 851 3223 is
893 3173 1174 3226 sensualis
1225 3172 1399 3225 bomo
1441 3172 1698 3234 dicatur,
1759 3173 1860 3245 (Ῑυί
1905 3174 2098 3227 omnia
2138 3172 2356 3241 judicat
2397 3183 2455 3227 et

338 3247 638 3302 concludit
691 3265 759 3301 ex
813 3248 1077 3302 sensibus
1119 3248 1421 3320 corporis,
1485 3258 1544 3302 et
1583 3249 1681 3320 qui
1725 3249 1873 3302 nihil
1915 3250 2101 3304 credit
2140 3248 2250 3300 nisi
2294 3248 2454 3320 quod

339 3323 528 3377 oculis
564 3323 738 3377 videt
791 3334 848 3377 ct
902 3324 1166 3378 manibus
1217 3325 1429 3396 tangit,
1495 3342 1565 3376 ιι.
1611 3332 1778 3386 5094.
1837 3334 2005 3385 7693.
2102 3322 2267 3389 Quod
2324 3325 2452 3377 talis

337 3402 514 3453 homo
557 3401 773 3471 cogitet
813 3400 874 3453 in
915 3400 1167 3454 externis
1211 3410 1268 3454 et
1309 3418 1424 3453 non
1460 3400 1706 3453 interius
1741 3403 1802 3453 in
1839 3418 1920 3464 se,
1963 3418 2030 3453 ιι.
2076 3407 2243 3461 5089.
2281 3407 2450 3460 5094.

340 3483 508 3537 6564.
554 3485 723 3538 7693.
805 3476 976 3553 Quod
1019 3476 1298 3529 interiora
1341 3476 1465 3545 ejus
1508 3476 1697 3528 clausa
1741 3477 1874 3541 sint,
1920 3487 1983 3529 ut
2027 3475 2105 3528 ibi
2152 3475 2294 3527 nihil
2324 3474 2450 3528 veri

339 3552 659 3622 spiritualis
700 3551 912 3616 videat,
968 3570 1032 3605 ιι.
1079 3560 1248 3613 6564.
1293 3560 1460 3613 6844-
1506 3558 1675 3612 6845.
1761 3551 1982 3615 Verbo,
2027 3552 2125 3622 qui
2164 3551 2221 3602 in
2255 3567 2451 3604 crasso

338 3627 560 3682 lumine
611 3629 857 3681 naturali
913 3638 1029 3692 est,
1085 3640 1143 3682 et
1185 3629 1266 3681 sic
1308 3628 1452 3681 nibil
1498 3626 1755 3699 percipit
1809 3626 1965 3699 quod
2008 3645 2039 3681 c
2092 3626 2221 3680 luce
2276 3628 2448 3692 coeli,

336 3721 407 3756 n·
462 3710 632 3764 6201-
689 3712 857 3765 6310.
914 3711 1082 3764 6564.
1147 3711 1312 3765 6844.
1371 3712 1539 3765 6845.
1600 3710 1767 3762 6598.
1826 3711 1993 3763 6612·
2050 3707 2218 3765 6614.
2283 3711 2450 3764 6622·

338 3787 507 3840 6624.
589 3778 754 3845 Quod
808 3781 1053 3832 interius
1108 3781 1180 3833 sit
1221 3790 1425 3833 contra
1481 3780 1579 3832 illa
1634 3796 1782 3851 quae
1839 3779 2005 3833 Coeli
2062 3790 2119 3832 et
2160 3780 2453 3834 Ecclesiae

337 3866 502 3919 mut
557 3874 627 3909 n·
685 3864 854 3916 6201.
910 3864 1078 3916 6316.
1137 3863 1309 3916 6844.
1366 3863 1534 3917 6845.
1592 3862 1765 3915 6948.
1824 3863 1992 3917 6949.
2090 3853 2256 3921 Quod
2310 3857 2452 3911 &¹108

333 3931 476 3984 fiant
518 3931 741 3985 Eruditi
788 3932 885 4004 qui
929 3949 988 3985 se
1031 3932 1522 3984 confirmaverunt
1573 3942 1775 3985 contra
1822 3950 1959 3985 vera
2002 3930 2327 3995 Ecclesiae,
2382 3950 2451 3986 ιι.

236 4017 247 4030 ⁴
336 4015 507 4067 6316.
590 4006 754 4072 Quod
808 4008 1098 4061 sensuales
1152 4008 1413 4061 homines
1465 4008 1639 4061 astuti
1696 4008 1810 4061 sint
1864 4019 1920 4061 et
1986 4006 2276 4063 malitiosi
2311 4025 2452 4080 prae

333 4084 614 4155 reliquis,
678 4092 954 4144 ιι.7693.
1001 4092 1207 4144 10236.
1304 4082 1468 4148 Quod
1517 4085 1941 4137 ratiocinemur
1996 4086 2212 4139 acriter
2265 4095 2322 4137 et
2364 4101 2452 4138 so-

222 4219 231 4228 ·
332 4159 550 4223 leuet,
608 4159 706 4212 sed
750 4176 817 4213 ex
858 4161 1137 4213 memoria
1180 4176 1498 4230 corporea,
1566 4161 1624 4211 in
1666 4177 1775 4232 qua
1821 4171 2044 4231 ponunt
2098 4178 2326 4213 omnem
2370 4160 2452 4211 in·

334 4236 735 4307 telligentiam,
779 4254 847 4288 n:
893 4244 1019 4296 195.
1067 4236 1195 4296 rafi-
1240 4244 1408 4296 5700.
1453 4244 1662 4296 10236.
1736 4235 1852 4290 Sed
1893 4237 2052 4307 quod
2093 4255 2162 4291 ex
2202 4235 2454 4290 fallaciis

334 4327 635 4376 sensuum,
682 4329 746 4362 nt
795 4319 961 4374 5084.
1008 4318 1176 4374 6948.
1224 4320 1393 4372 6949.
1440 4320 1607 4374 7693·
