3013 5114
641 432 750 484 310
1257 421 1346 470 tm
1394 418 1634 472 cOELO
1678 418 1768 471 ΕΤ
1811 415 2147 473 ΙΝΕΕΠΝΟ,

638 581 1052 642 machinantur
1081 578 1282 651 dolos,
1334 577 1578 655 quidam
1617 594 1826 637 eorum
1863 578 1970 636 tali
2005 578 2239 636 astutia
2287 581 2350 635 et
2387 572 2648 644 malitia,
2698 582 2769 633 ut

638 684 737 742 vix
774 679 936 740 credi
970 681 1199 755 possit,
1234 687 1301 737 ut
1327 678 1539 737 similis
1571 679 1750 737 fuerit
1786 680 1947 737 intus
1984 681 2044 736 in
2079 678 2282 753 aliquo
2322 676 2587 752 homine3
2625 682 2768 735 sunt

640 784 795 843 enim
833 787 974 840 tunc
1008 782 1068 838 in
1117 786 1281 838 statu
1326 779 1518 838 libero
1568 778 1787 855 agendi
1827 778 2156 837 secundum
2194 777 2522 836 voluntatis
2559 794 2767 835 eorum

638 883 931 959 cogitata,
988 883 1131 957 quia
1177 883 1445 957 separati
1482 879 1558 937 ab
1597 880 2023 954 exterioribus,
2080 895 2235 954 quae
2271 878 2408 936 illos
2446 881 2507 934 in
2547 876 2768 951 mundo

639 984 1035 1042 coercuerunt
1080 990 1141 1039 et
1184 982 1634 1041 refraenarunt:
1688 980 1873 1039 verbo
1910 986 2053 1038 sunt
2100 979 2505 1037 rationalitate
2554 977 2766 1052 orbati,

641 1085 784 1162 quia
817 1082 1110 1142 rationale
1157 1084 1217 1139 in
1252 1081 1471 1140 mundo
1510 1098 1627 1139 non
1658 1081 1971 1139 resederat
2004 1083 2065 1139 in
2112 1080 2492 1138 interioribus
2539 1095 2768 1153 eorum,

642 1183 750 1244 sed
786 1186 845 1241 in
884 1181 1313 1242 exterioribus:
1356 1192 1418 1241 at
1456 1199 1649 1257 usque
1687 1190 1826 1239 tunc
1855 1188 2150 1263 apparent
2185 1180 2301 1239 sibi
2335 1182 2485 1256 ipsis
2523 1182 2772 1255 sapien-

642 1293 737 1343 tes
772 1301 919 1361 prae
957 1285 1109 1342 aliis,
1206 1282 1363 1358 Quia
1411 1283 1566 1342 tales
1610 1289 1781 1356 sunt,
1848 1282 1983 1341 ideo
2033 1299 2167 1341 cum
2223 1282 2282 1338 in
2331 1279 2596 1339 seeundo
2655 1280 2772 1340 ho'c

642 1392 808 1444 statu
865 1390 1034 1454 sunt,
1084 1385 1468 1442 remittuntur
1512 1399 1625 1458 per
1660 1384 1878 1442 breves
1926 1386 2093 1441 vices
2129 1385 2189 1440 in
2231 1389 2453 1440 statum
2503 1383 2771 1441 exterio-

640 1502 774 1545 rum
824 1501 1098 1557 suorum,
1170 1493 1228 1543 et
1281 1491 1421 1541 tunc
1462 1487 1522 1542 in
1562 1488 1909 1543 memoriam
1956 1493 2223 1542 actorum
2283 1499 2566 1556 suorum,
2635 1499 2773 1540 cum

643 1586 888 1644 fuerunt
921 1587 979 1642 in
1016 1590 1178 1642 statu
1206 1586 1585 1660 interiorum,
1642 1586 1882 1661 quidam
1923 1593 2062 1643 tunc
2098 1583 2440 1660 pudefiant,
2480 1591 2542 1643 et
2578 1599 2773 1658 agno-⁸

645 1695 819 1746 scunt
858 1685 1016 1761 quod
1055 1687 1251 1744 insani
1286 1686 1533 1760 suerint3
1591 1686 1829 1762 quidam
1868 1703 1986 1744 non
2023 1686 2333 1761 pudefiunt
2346 1704 2362 1759 3
2402 1684 2641 1760 quidam
2680 1686 2778 1741 in-

646 1785 966 1863 dignantur
1015 1785 1176 1863 quod
1216 1804 1333 1844 non
1388 1786 1568 1845 liceat
1622 1786 1740 1845 illis
1788 1789 1870 1844 in·
1899 1794 2060 1844 statu
2112 1765 2474 1845 exteriorum
2525 1801 2775 1844 suorum

642 1890 921 1946 continue
971 1904 1107 1946 esse
1124 1907 1140 1963 3
1213 1887 1323 1946 sed
1366 1887 1459 1945 his
1517 1888 1878 1960 ostenditur,
1960 1887 2169 1962 quales
2220 1887 2408 1945 suturi
2454 1889 2507 1945 si
2552 1889 2613 1947 in
2659 1885 2776 1944 hoc

644 1995 806 2049 statu
846 1992 1122 2047 continue
1163 1996 1393 2058 essent,
1452 1989 1611 2065 quod
1651 2006 1867 2064 nempe
1920 1989 2138 2046 similia
2187 1986 2556 2047 clandestine
2594 1986 2775 2046 moli-

642 2098 881 2162 rentur,
938 2106 1008 2147 ac
1055 2107 1166 2165 per
1207 2093 1597 2164 apparentiae
1635 2089 1805 2164 boni,
1879 2091 2095 2148 sinceri
2139 2095 2198 2147 et
2224 2089 2375 2165 justi
2413 2088 2779 2147 seducerent

643 2188 1184 2264 simplicescorde
1240 2196 1301 2246 et
1336 2188 1485 2264 fide,
1563 2197 1624 2247 et
1674 2192 1795 2265 ipsi
1844 2196 2038 2249 semet
2089 2190 2412 2266 perderent
2457 2191 2517 2247 in
2566 2194 2780 2259 totum,

641 2304 781 2346 nam
821 2290 1118 2346 exteriora
1154 2289 1476 2364 flagrarent
1515 2289 1757 2349 tandem
1794 2291 1973 2350 simili
2008 2291 2282 2350 incendio
2322 2306 2440 2367 quo
2468 2292 2777 2365 interiora,

643 2386 805 2466 quod
840 2394 1220 2449 consumeret
1257 2406 1488 2449 omnem
1526 2392 1707 2448 vitam
1745 2409 1968 2450 eorum.

803 2491 963 2550 507.
1022 2487 1171 2550 Cum
1211 2493 1457 2569 spiritus
1493 2494 1553 2550 in
1590 2492 1858 2552 secundo
1903 2491 2019 2552 hoc
2060 2500 2223 2552 statu
2259 2498 2436 2563 sunt,
2478 2498 2781 2570 apparent

644 2589 736 2652 illi
773 2608 1025 2669 prorsus
1063 2593 1274 2669 quales
1310 2577 1467 2653 in'se
1504 2594 1747 2654 fuerunt
1780 2597 1840 2652 in
1879 2595 2125 2667 mundo,
2176 2601 2237 2654 et
2272 2612 2510 2672 quoque
2546 2611 2782 2671 propa-

642 2690 845 2752 lantur
881 2711 1037 2770 quae
1074 2695 1132 2751 in
1170 2693 1521 2753 abscondito
1560 2701 1813 2771 egerunt
1849 2701 1910 2753 et
1943 2696 2177 2772 loquuti
2210 2703 2382 2765 sunt,
2434 2714 2571 2755 nam
2609 2702 2776 2770 tunc,

646 2795 790 2870 qnia
826 2802 1075 2853 externa
1109 2812 1226 2852 non
1254 2797 1567 2867 coercent,
1622 2794 1948 2872 loquuntur
1982 2803 2194 2872 aperte
2231 2796 2482 2869 similia,
2520 2802 2581 2855 et
2616 2813 2777 2870 quo-

647 2911 763 2970 que
802 2902 1093 2952 conantur
1130 2911 1312 2970 agere
1351 2896 1602 2968 similia,
1659 2913 1769 2955 nec
1807 2898 2015 2956 timent
2050 2898 2266 2956 samam
2305 2905 2376 2955 ut
2419 2901 2478 2957 in
2515 2897 2783 2956 mundo:

641 2983 917 3051 feruntur
958 2996 1135 3051 etiam
1175 3002 1313 3054 tunc
1348 2997 1410 3052 in
1444 2997 1653 3071 plures
1685 3002 1880 3055 status
1915 2996 2208 3056 malorum
2244 3014 2521 3070 suorum,
2560 3003 2628 3054 ut
2656 3014 2777 3074 ap-

648 3097 908 3167 pareant
943 3093 1174 3167 angelis
1212 3100 1274 3151 et
1309 3093 1482 3152 bonis
1519 3096 1832 3171 spiritibus
1873 3097 2083 3174 quales
2137 3105 2306 3166 suut:
2339 3102 2459 3158 ·sic
2509 3097 2777 3158 abscon-

576 3267 579 3268 ,
648 3189 775 3250 dita
809 3193 1191 3268 aperiuntur,
1245 3199 1305 3250 et
1345 3193 1722 3254 clandestina
1753 3204 2138 3274 reteguntur,
2175 3201 2505 3258 secundum
2532 3199 2780 3259 Domini

646 3290 862 3366 verba,
921 3289 1161 3367 „Nihil
1195 3299 1481 3372 opertum
1516 3300 1672 3368 ests
1705 3295 1874 3373 quod
1906 3299 2468 3378 nowreteyendum
2523 3306 2649 3373 est,
2711 3303 2779 3359 et

647 3389 960 3454 occultum
993 3392 1162 3473 quod
1211 3410 1335 3455 nou
1373 3393 1872 3476 coquo-scendum
1887 3419 1909 3458 .·
1972 3417 2133 3479 quae
2166 3398 2237 3460 in
2270 3401 2537 3462 tenebris
2590 3398 2779 3460 dixi-

644 3491 801 3570 stis,
854 3492 925 3554 in
961 3491 1097 3555 luce
1130 3493 1508 3572 audientur,
1557 3503 1618 3557 et
1658 3496 1827 3577 quod
1861 3498 1933 3559 in
1971 3518 2192 3561 aurem
2227 3497 2477 3580 loquuti
2508 3500 2666 3562 eatis
2702 3500 2781 3561 in

645 3592 985 3669 cubimolia,
1026 3594 1511 3675 praedicabitur
1544 3617 1735 3678 super
1773 3599 2026 3675 tecti8,“
2067 3600 2230 3661 Luc:
2268 3602 2423 3661 XII:
2466 3607 2528 3662 2.
2569 3605 2631 3663 3.
2694 3602 2780 3661 Et

645 3693 809 3769 alibi,
849 3693 1076 3770 „Dico
1112 3696 1315 3773 vobis,
1352 3697 1757 3779 quodeunque
1791 3700 2042 3766 verbum
2074 3698 2305 3763 inutile
2339 3699 2586 3781 loquuti
2613 3702 2777 3783 sue-

643 3791 779 3853 rint
818 3792 1130 3871 homines,
1186 3796 1264 3857 de
1311 3817 1380 3858 eo
1424 3798 1796 3870 reddituros
1830 3801 2146 3863 rationem
2187 3802 2258 3865 iu
2304 3801 2411 3863 die
2428 3802 2709 3887 judieii,
2731 3803 2773 3835 ‘³

646 3889 870 3950 Matth:
918 3889 1066 3953 XH:
1112 3898 1224 3954 36.

807 3992 966 4052 508.
1024 3992 1253 4068 Quales
1288 4003 1430 4055 sunt
1465 3999 1608 4057 mali
1635 4001 1696 4059 in
1720 4001 1838 4062 hoc
1873 4007 2066 4077 statu,
2105 4019 2227 4062 non
2261 4005 2473 4080 paucis
2510 4002 2783 4064 describi

644 4097 880 4169 potest,
926 4108 1063 4150 nam
1107 4094 1364 4172 quisque
1413 4101 1556 4156 tunc
1590 4100 1813 4160 insanit
1846 4101 2176 4163 secundum
2206 4121 2351 4163 suas
2388 4105 2778 4184 cupiditateS‚

652 4198 714 4250 et
748 4189 863 4251 hae
912 4199 1050 4251 sunt
1084 4195 1323 4266 variae,
1384 4204 1753 4275 quapropter
1787 4199 1966 4260 velim
2017 4203 2193 4264 modo
2238 4205 2444 4281 aliqua
2489 4206 2787 4283 specifica

653 4291 982 4372 adducere,
1027 4312 1095 4356 ex
1138 4293 1357 4376 quibus
1394 4295 1670 4358 concludi
1707 4305 1909 4378 potest
1946 4304 2020 4363 ad
2058 4303 2309 4385 reliqua.
2383 4305 2511 4383 Illi,
2564 4308 2670 4385 qui
2710 4323 2784 4367 se
