3013 5114
635 449 741 501 324
1253 436 1343 489 os
1375 434 1623 489 costo
1665 434 1759 488 ET
1798 432 2134 491 INFERNO.

793 600 949 658 526.
1008 598 1320 673 Loquutus
1358 613 1490 654 sum
1529 595 1887 672 quandoque
1935 594 2009 653 de
2044 593 2159 652 hac
2195 609 2262 651 re
2308 605 2444 651 cum
2479 590 2751 668 AngeliS,

634 709 694 759 et
729 700 872 772 dixi,
915 698 1076 774 quod
1111 697 1383 773 plerique
1415 699 1475 754 in
1505 696 1755 769 mundo,
1814 697 1915 770 qui
1950 697 2008 753 in
2044 693 2202 752 malo
2230 695 2469 767 vivunt,
2521 698 2584 751 et
2616 709 2755 752 cum

632 801 765 860 aliis
803 799 875 859 de
916 798 1100 857 Coelo
1138 804 1198 856 et
1238 798 1312 857 de
1352 799 1476 855 vita
1513 804 1760 856 aeterna
1793 796 2134 871 loquuntur,
2173 812 2291 853 non
2320 793 2496 852 aliter
2532 792 2751 867 dicant,

534 916 545 927 ’
634 918 808 977 quam
849 899 1007 976 quod
1047 901 1249 957 venire
1300 902 1361 957 iu
1398 898 1660 971 coelum,
1701 900 1779 956 sit
1814 896 1990 955 modo
2026 895 2257 955 admitti
2295 913 2368 952 ex
2408 893 2540 952 sola
2567 893 2752 953 Mise-

631 1000 919 1076 ricordia3
978 1006 1038 1058 et
1074 1000 1235 1076 quod
1270 1000 1558 1075 imprimis
1597 998 1684 1057 illi
1731 998 1790 1056 id
1838 997 2110 1071 credant,
2170 997 2275 1073 qui
2310 995 2487 1053 fidem
2525 995 2752 1052 faciunt

631 1105 873 1161 unicum
910 1100 1122 1159 salutis
1160 1101 1415 1159 medium
1438 1145 1453 1171 ,
1512 1117 1646 1157 nam
1680 1098 1767 1156 illi
1817 1117 1890 1157 ex
1934 1099 2225 1174 principie
2262 1097 2567 1173 religionis
2606 1111 2755 1153 suae

632 1221 751 1262 non
787 1208 1066 1279 spectant
1102 1201 1176 1259 ad
1213 1204 1428 1274 vitam,
1481 1208 1541 1258 et
1571 1200 1644 1256 ad
1673 1202 1892 1257 amoris
1923 1199 2083 1257 facta
2110 1215 2274 1274 quae·
2296 1198 2522 1256 faciunt
2550 1198 2753 1271 vitam,

632 1308 716 1364 ita
751 1321 863 1362 nec
900 1303 975 1360 ad
1011 1303 1130 1361 alia
1166 1301 1388 1375 media,
1447 1319 1558 1377 per
1607 1318 1760 1376 quae
1810 1301 2104 1359 Dominus
2152 1284 2302 1363 indit
2349 1298 2571 1356 homini
2608 1312 2757 1356 coc-

632 1406 784 1479 lum,
843 1410 904 1462 et
940 1405 1081 1461 facit
1126 1409 1189 1460 ut
1224 1402 1592 1477 receptibilis
1639 1405 1717 1459 sit
1761 1400 1984 1477 gaudi&
2007 1400 2322 1475 ‘coelestis3
2380 1406 2439 1457 et
2489 1399 2630 1474 quia
2667 1400 2758 1456 sic

633 1522 806 1564 omne
836 1503 1161 1562 mediatum
1193 1502 1429 1560 actuale
1466 1502 1776 1578 rejiciunt,
1817 1520 1890 1560 ex
1921 1502 2282 1563 necessitate
2310 1500 2590 1585 princip-ii
2624 1504 2755 1558 sta-

632 1612 835 1680 tuunt,
891 1604 1048 1678 quod
1082 1603 1259 1661 homo
1295 1605 1355 1660 in
1392 1601 1627 1661 coelum
1664 1605 1868 1661 veniat
1905 1620 1976 1660 ex
2014 1601 2147 1660 sola
2181 1599 2626 1675 Misericordia,
2680 1598 2760 1657 ad

632 1722 811 1781 quam
847 1703 1046 1762 Deum
1082 1704 1323 1762 Patrem
1361 1702 1611 1762 credunt
1642 1721 1752 1780 per
1794 1705 2281 1762 intercessionem
2320 1702 2455 1760 Filii
2493 1717 2762 1759 commo-

630 1808 795 1864 veri:
854 1804 929 1863 ad
962 1805 1116 1863 haec
1154 1804 1373 1881 Angeli
1411 1805 1718 1874 dixerunt,
1773 1804 1931 1880 quod
1967 1805 2157 1862 sciant
2194 1803 2353 1879 quod
2391 1803 2510 1861 tale
2542 1803 2763 1879 dogma

631 1913 921 1985 sequatur
978 1924 1053 1965 ex
1106 1902 1472 1965 necessitate
1519 1923 1556 1963 a
1610 1912 1786 1982 capto
1827 1906 2120 1982 principio
2178 1904 2252 1963 de
2309 1903 2440 1962 sola
2488 1904 2635 1977 fide,
2704 1907 2765 1962 et

632 2011 774 2085 quia
807 2008 868 2067 id
905 2008 1122 2084 dogma
1165 2013 1256 2064 est
1295 2013 1477 2083 caput
1512 2007 1909 2082 reliquorum,
1965 2009 2024 2063 in
2073 2005 2266 2080 quod,
2334 2007 2474 2080 quia
2511 2022 2630 2063 non
2665 2008 2764 2065 cst

628 2127 870 2177 verum,
925 2125 1042 2166 non
1087 2107 1424 2181 aliqualux
1464 2125 1495 2165 c
1527 2107 1696 2164 coelo
1733 2106 1981 2164 influere
2017 2111 2252 2182 potest,
2308 2105 2467 2181 quod
2502 2105 2644 2164 inde
2681 2107 2763 2163 sit

627 2206 988 2284 ignorantia,
1045 2210 1105 2264 in
1143 2224 1260 2280 qua
1294 2207 1570 2264 Ecclesia
1600 2207 1779 2265 hodie
1818 2213 1939 2281 est,
1999 2207 2071 2264 de
2099 2207 2387 2279 Domino,
2430 2192 2504 2265 de
2544 2204 2755 2279 Coelo,

631 2307 705 2365 de
747 2306 890 2364 Vita
931 2312 1070 2383 post
1109 2312 1388 2373 mortem,
1448 2306 1522 2365 de
1563 2307 1782 2383 gaudio
1835 2307 2117 2381 coelesti,
2167 2298 2248 2366 ⁸de
2287 2310 2553 2367 essentia
2582 2323 2755 2366 amo-

631 2409 713 2466 ris
758 2414 819 2467 et
859 2407 1199 2475 charitatiS,
1250 2417 1309 2465 et
1348 2409 1407 2464 in
1450 2425 1681 2484 genere
1734 2408 1807 2467 de
1855 2407 2043 2483 bono,
2101 2408 2270 2467 etde
2320 2409 2453 2485 eJus
2502 2408 2758 2485 conjun-

632 2511 826 2569 ctione
868 2526 1003 2569 cum
1039 2524 1212 2581 vero,
1251 2510 1501 2585 proinde
1540 2509 1612 2569 de
1654 2513 1778 2569 vita
1810 2494 2096 2585 hominis,
2141 2509 2297 2570 unde
2338 2516 2458 2585 est,
2507 2515 2568 2570 et
2605 2525 2761 2588 qua-

633 2611 708 2670 lis
754 2617 872 2685 est,
931 2628 1086 2687 quae
1124 2616 1326 2668 tamen
1376 2628 1676 2687 nusquam
1721 2611 1900 2670 alicui
1937 2616 2031 2671 est
2079 2629 2150 2671 ex
2195 2614 2588 2689 cogitatione,
2651 2608 2768 2669 sed

637 2730 712 2769 ex
753 2712 1063 2770 voluntate
1111 2716 1171 2770 et
1208 2711 1347 2770 inde
1383 2711 1590 2785 sactiS,
1656 2720 1715 2772 et
1763 2713 1921 2788 quod
1968 2719 2197 2771 tantum
2254 2730 2327 2771 ex
2378 2714 2762 2788 cogitatione,

637 2817 922 2887 quantum
962 2814 1244 2889 cogitatio
1295 2811 1477 2871 trahit
1533 2830 1607 2870 ex
1657 2814 1997 2884 voluntate,
2063 2818 2149 2873 ita
2204 2831 2322 2872 non
2366 2831 2441 2871 ex
2484 2812 2602 2871 fide
2645 2814 2766 2871 nisi

640 2920 920 2987 quantum
971 2912 1124 2971 fides
1174 2914 1353 2972 trahit
1392 2930 1462 2971 ex
1519 2931 1752 2972 amore:
1810 2914 2016 2973 dolent
2057 2914 2308 2991 Angeli,
2376 2913 2536 2990 quod
2581 2913 2766 2972 iidem

636 3028 756 3069 non
811 3013 1033 3084 sciant,
1111 3013 1270 3089 quod
1317 3012 1449 3072 sola
1498 3014 1649 3073 fides
1700 3014 1864 3091 apud
1906 3014 2170 3092 aliquem
2228 3033 2345 3091 uon
2397 3014 2612 3078 dabilis
2663 3016 2762 3087 sit,

639 3113 918 3190 quoniam
955 3112 1102 3171 fides
1152 3113 1382 3191 absque
1421 3116 1648 3192 origine
1684 3131 1827 3189 sua,
1887 3133 2041 3190 quae
2081 3122 2173 3175 est
2209 3134 2405 3185 amor,
2454 3122 2548 3176 est
2583 3113 2764 3173 modo

641 3201 924 3288 scientia,
983 3221 1042 3271 et
1083 3214 1243 3289 apud
1294 3214 1585 3290 quosdam
1629 3219 2048 3291 persuasivum
2086 3216 2230 3293 quid
2276 3216 2434 3294 quod
2476 3218 2767 3275 mentitur

638 3314 848 3389 fidem,
906 3315 1181 3380 videatur
1215 3332 1402 3392 supra
1437 3334 1511 3375 n:
1556 3319 1719 3391 482,
1761 3316 1919 3393 quod
1945 3319 2369 3395 persuasivum
2404 3334 2521 3375 non
2566 3322 2662 3377 est
2704 3317 2766 3374 in

640 3419 767 3475 vita
788 3414 1084 3491 hominis,
1141 3416 1251 3477 sed
1297 3424 1466 3476 extra
1502 3416 1698 3490 illam,
1747 3435 1884 3477 nam
1923 3425 2241 3496 separatur
2277 3419 2353 3477 ab
2386 3419 2659 3493 homine,
2711 3416 2767 3475 si

640 3535 758 3577 non
800 3518 1082 3577 cohaeret
1130 3534 1264 3576 cum
1313 3527 1576 3578 amore.³
1622 3518 1810 3578 Porro
1863 3518 2168 3589 dixerunt,
2223 3520 2385 3595 quod
2420 3520 2617 3595 quiin
2660 3517 2770 3577 tali

640 3620 935 3695 principio
964 3626 1103 3678 sunt
1131 3618 1204 3678 de
1240 3620 1549 3691 essentiali
1587 3620 1782 3679 medio
1820 3620 2031 3679 salutis
2070 3620 2232 3697 apud
2266 3620 2596 3694 hominem,
2639 3617 2764 3677 ‘non

647 3716 821 3774 aliter
861 3722 1092 3794 possint
1130 3725 1307 3796 quain
1346 3721 1593 3780 credere
1631 3721 2030 3782 immediatam
2063 3721 2567 3793 Misericordiam,
2625 3722 2771 3798 qffiia

642 3818 984 3893 percipiunt
1020 3838 1092 3878 ex
1132 3821 1393 3879 naturali
1427 3821 1680 3897 lumine,
1733 3830 1793 3882 et
1830 3839 2065 3899 quoque
2099 3839 2173 3880 ex
2201 3822 2421 3881 visuali
2449 3824 2770 3898 experien-

643 3917 759 3988 tia,
800 3919 958 3990 quod
983 3919 1133 3977 fides
1161 3928 1447 3997 separata
1483 3940 1599 3980 non
1628 3924 1809 3981 faciat
1836 3925 2016 3981 vitam
2046 3923 2317 3997 hominiS,
2367 3925 2646 4000 quoniam
2674 3923 2763 3981 si-

645 4013 865 4073 militer
892 4020 1155 4094 cogitare
1183 4027 1246 4078 et
1271 4017 1385 4078 sibi
1410 4023 1781 4106 persuadere
1807 4031 2064 4099 possunt
2089 4024 2175 4082 illi
2203 4027 2309 4100 qui
2335 4024 2556 4082 malam
2581 4026 2782 4083 vitam.

564 4202 568 4206 .
648 4121 864 4192 agunt:
902 4114 1040 4176 inde
1079 4125 1198 4187 est,
1234 4119 1393 4194 quod
1430 4120 1740 4192 credatur,
1781 4124 1939 4199 quod
1975 4125 2116 4183 mali
2152 4142 2347 4200 aeque
2375 4125 2597 4184 salvari
2618 4139 2769 4201 pos-

649 4218 768 4275 sint
808 4235 878 4277 ac
918 4218 1097 4296 boni,
1150 4219 1325 4278 modo
1369 4221 1428 4276 in
1477 4224 1685 4280 mortis
1730 4220 1879 4282 hora
1931 4242 2006 4283 ex
2057 4225 2275 4284 fiducia
2321 4226 2645 4301 loquantur
2692 4224 2770 4284 de

648 4319 1086 4380 Inter-cessione
1116 4327 1174 4379 et
1211 4320 1282 4382 de
1312 4320 1723 4382 Misericordia
1748 4341 1858 4403 per
1884 4324 2066 4386 illam,
2119 4326 2489 4387 Fatebantur
2531 4325 2764 4405 Augen,

2311 4553 2332 4580 ς.
