3013 5114
716 417 810 471 DE
856 415 1128 473 GAUDIO
1166 416 1264 475 ET
1306 415 1733 473 FELICITATE
1778 417 2143 474 COELESTI.
2366 433 2473 486 ‘241

359 567 547 639 fibrae
583 580 643 636 in
680 579 1013 654 unoquovis
1049 576 1349 647 Membro,
1403 575 1645 654 Organo
1683 585 1744 637 et
1779 578 2058 654 Viscere,
2100 598 2256 656 quae
2285 585 2483 642 omnia

359 689 421 742 et
466 678 708 756 singula
757 681 845 737 ita
897 679 1243 738 consociata
1282 684 1451 752 sunt,
1506 685 1574 736 ut
1613 695 1788 738 suum
1835 679 2057 739 bonum
2107 689 2386 759 spectent
2422 686 2483 742 in

357 784 584 852 altero,
640 786 701 838 et
735 781 822 839 sic
857 781 918 837 in
956 778 1261 853 omnibuS,
1321 785 1382 838 et
1417 781 1615 838 omnia
1649 781 1712 838 in
1745 782 1993 858 singulis
2006 802 2021 856 3
2079 799 2154 841 ex
2193 781 2306 842 hoc
2343 786 2479 842 uni-

358 881 583 944 versali
620 887 680 940 et
715 880 1005 957 singulari
1043 887 1293 956 aspectu
1330 881 1485 938 sicut
1523 899 1707 939 unum
1739 888 1945 958 agunt.

518 985 684 1043 406.
741 979 889 1041 Cum
926 980 1234 1058 spiritibus
1273 983 1433 1057 quie
1463 981 1682 1040 mundo
1707 989 1982 1042 recentes
2012 991 2323 1060 venerunt,
2364 985 2479 1043 ali-

361 1087 599 1163 quoties
647 1083 933 1159 loquutus
981 1099 1114 1141 sum
1164 1081 1240 1141 de
1290 1089 1451 1140 statu
1499 1084 2010 1159 vitae'aeternae,
2070 1084 2230 1161 quod
2264 1086 2481 1163 nempe

364 1189 521 1246 scire
555 1186 840 1257 interest,
900 1186 1033 1265 quis
1070 1183 1364 1242 Dominus
1399 1183 1622 1260 Regni,
1663 1184 1840 1261 quale
1876 1188 2171 1262 regimen,
2231 1193 2290 1245 et
2326 1203 2482 1263 quae

358 1287 665 1364 regiminis
701 1284 924 1360 forma,
981 1286 1136 1343 sicut
1171 1286 1270 1360 qui
1306 1286 1367 1342 in
1417 1284 1638 1343 mundo
1681 1287 1745 1343 in
1791 1286 1956 1344 aliud
1997 1286 2271 1364 Regnum
2306 1289 2480 1347 veni-

349 1394 493 1464 .unt3
531 1389 606 1446 iis
644 1385 789 1444 nihil
827 1387 997 1462 prius
1036 1391 1131 1444 est
1169 1403 1347 1461 quam
1386 1386 1570 1460 scire,
1613 1388 1745 1462 quis
1785 1393 1846 1446 et
1881 1386 2074 1464 qualis
2110 1385 2261 1462 Rex,
2303 1387 2482 1464 quale

357 1490 651 1565 regimen,
706 1493 768 1546 et
799 1486 977 1563 plura
1012 1504 1167 1565 quae
1215 1488 1389 1545 istius
1424 1485 1619 1564 Regni
1655 1493 1794 1545 sunt
1807 1508 1824 1564 3
1882 1491 2072 1564 magis
2108 1490 2169 1546 in
2202 1487 2316 1547 hoc
2351 1487 2479 1548 Re-

356 1606 506 1668 gno,
568 1590 631 1646 in
669 1590 883 1664 quoin
934 1595 1246 1646 aeternum
1296 1588 1514 1646 victuri
1565 1592 1733 1664 sunt3
1788 1590 1980 1648 sciant
2026 1592 2263 1667 itaque,
2318 1589 2482 1674 quod

358 1690 651 1750 Dominus
700 1690 779 1747 sit
832 1688 948 1764 Qui
996 1690 1149 1764 regit
1183 1686 1463 1758 Coelnm,
1519 1695 1579 1748 et
1620 1707 1858 1766 quoque
1894 1689 2286 1766 Universum,
2341 1707 2481 1750 nam
2519 1673 2521 1681 γ

357 1793 461 1869 qui
507 1791 664 1867 regit
721 1806 907 1848 unum
958 1791 1115 1865 regit
1168 1787 1458 1863 alterum,
1527 1791 1612 1848 ita
1666 1790 1827 1866 quod
1871 1790 2179 1867 Regnum,
2249 1793 2313 1849 in
2360 1809 2480 1868 quo

354 1909 513 1952 nunc
550 1896 721 1965 sunt,
778 1892 858 1948 sit
891 1889 1162 1963 Domini,
1221 1896 1279 1948 et
1317 1888 1474 1964 quod
1510 1889 1693 1968 hujus
1729 1889 1922 1968 Regni
1956 1891 2123 1968 leges
2161 1893 2279 1950 sint
2315 1893 2476 1950 veri-

355 2000 512 2053 tates
550 1997 859 2066 aeternae,
916 2008 1071 2067 qnae
1109 2007 1314 2049 omnes
1350 1990 1674 2049 fundantur
1710 1993 1770 2049 in
1808 2009 1881 2050 ea
1920 1992 2117 2068 Lege,
2176 1998 2241 2050 ut
2279 1997 2483 2051 ament

354 2093 676 2153 Dominum
702 2098 906 2168 supra
925 2094 1148 2161 omnia,
1204 2095 1265 2150 et
1289 2075 1720 2167 proximumut
1755 2100 1980 2168 semet,
2029 2093 2148 2152 imo
2179 2110 2336 2152 nunc
2365 2091 2476 2151 ad·

353 2194 472 2253 huc
508 2194 700 2270 magis
738 2194 790 2251 si
824 2191 1008 2251 velint
1058 2209 1194 2251 esse
1244 2193 1399 2251 sicut
1443 2193 1690 2270 Angeli,
1761 2193 1919 2270 quod
1965 2209 2166 2252 amare
2221 2192 2483 2253 debeant

351 2297 688 2372 proximum
723 2293 864 2370 plus
894 2287 1072 2371 quam
1107 2299 1316 2352 semet.
1398 2293 1549 2353 Cum
1583 2295 1734 2354 haec
1772 2294 2161 2370 audiverunt,
2203 2294 2349 2354 nihil
2375 2312 2477 2354 re-

354 2396 653 2474 spondere
688 2401 1044 2472 potuerunt,
1103 2396 1244 2471 qnia
1285 2396 1347 2452 in
1395 2397 1521 2455 vita
1565 2397 1833 2472 corporis
1884 2395 2005 2455 tale
2044 2395 2186 2472 quid
2219 2395 2473 2456 audive-

353 2503 522 2574 runt,
578 2495 690 2556 sed
723 2512 842 2553 non
878 2495 1286 2570 crediderunt,
1324 2497 1522 2554 mirati
1559 2495 1719 2572 quod
1755 2495 1891 2554 talis
1929 2513 2095 2554 amor
2129 2498 2292 2554 sitin
2320 2494 2477 2556 Coe-

351 2598 444 2671 lo,
508 2605 567 2657 et
614 2596 775 2675 quod
810 2597 1023 2655 dabilis
1071 2603 1137 2655 ut
1173 2598 1489 2674 quisquam
1545 2604 1704 2655 amet
1737 2599 2071 2673 proximum
2114 2596 2252 2674 plns
2296 2615 2477 2676 quam

354 2705 573 2775 semet3
629 2698 738 2758 sed
770 2699 1069 2758 informati
1106 2703 1277 2771 sunt,
1324 2697 1485 2773 quod
1523 2701 1719 2756 omnia
1753 2698 1913 2757 bona
1947 2700 2301 2757 immensum
2337 2715 2473 2759 cre-

352 2806 526 2861 scant
566 2802 628 2859 in
664 2798 856 2858 altera
890 2801 1043 2873 vita,
1086 2805 1147 2858 et
1183 2798 1343 2875 quod
1380 2798 1518 2858 talis
1556 2800 1684 2858 vita
1726 2801 1804 2857 sit
1837 2800 1898 2857 in
1934 2816 2216 2878 corpore,
2256 2805 2322 2859 ut
2357 2817 2477 2859 non

350 2901 509 2960 ultra
544 2900 830 2978 progredi
861 2902 1128 2977 possint,
1168 2918 1346 2975 quam
1374 2917 1578 2960 amare
1611 2902 1948 2977 proximum
1985 2906 2049 2958 ut
2085 2906 2295 2977 semet,
2335 2901 2477 2977 quia

350 3003 411 3066 in
447 3004 776 3081 corporeis3
833 3009 895 3060 at
941 3001 1034 3060 his
1083 3002 1329 3061 remotis
1376 3007 1517 3060 tunc
1567 3018 1733 3062 amor
1782 3003 1974 3078 magis
2023 3017 2214 3079 purus
2262 3001 2357 3079 fit,
2414 3007 2474 3062 et

349 3103 590 3163 tandem
620 3102 970 3179 Angelicu3‚
1007 3103 1108 3178 qui
1146 3109 1239 3162 est
1275 3119 1477 3161 amare
1517 3105 1856 3179 proximum
1881 3102 2022 3179 plus
2057 3121 2233 3180 quam
2258 3109 2469 3178 semet,

348 3222 489 3265 nam
522 3206 584 3263 in
622 3203 823 3265 Coelis
855 3202 1189 3282 jucundum
1228 3210 1321 3263 est
1353 3203 1578 3262 bonum
1623 3204 1824 3263 facere
1866 3203 2064 3279 alteri,
2122 3210 2183 3263 et
2218 3222 2337 3262 non
2361 3205 2469 3282 ju-

349 3305 612 3365 cundum
658 3305 858 3365 facere
906 3304 1021 3363 sibi
1073 3304 1323 3378 bonum,
1380 3307 1496 3364 nisi
1532 3310 1597 3363 ut
1632 3305 1736 3364 fiat
1771 3305 2049 3380 alterius,
2102 3307 2190 3364 ita
2222 3310 2473 3380 propter

349 3406 636 3484 alterum3
694 3412 755 3467 et
800 3404 958 3483 quod
1002 3405 1064 3464 id
1114 3406 1194 3463 sit
1231 3422 1433 3465 amare
1475 3409 1812 3482 proximum
1851 3406 1990 3480 plus
2029 3421 2210 3481 quam
2256 3408 2468 3462 semet.

352 3505 531 3581 Quod
564 3506 704 3567 talis
742 3523 906 3566 amor
955 3504 1171 3566 dabilis
1220 3508 1327 3577 sit,
1380 3506 1691 3567 dicebatur
1733 3505 1894 3584 quod
1943 3508 2004 3565 in
2054 3503 2272 3565 mundo
2323 3520 2468 3562 con-

350 3611 514 3665 stare
573 3609 768 3682 possit
820 3622 895 3664 ex
948 3606 1322 3682 quorundam
1374 3623 1577 3666 amore
1641 3607 1993 3685 conjugiali‚
2068 3604 2229 3682 quod
2281 3621 2467 3682 prae·

348 3706 597 3766 tulerint
641 3713 890 3765 mortem
941 3724 1119 3783 quam
1169 3714 1234 3767 ut
1265 3707 1610 3767 laederetur
1659 3710 1908 3785 conjux3
1979 3723 2053 3766 ex
2100 3723 2302 3766 amore
2350 3723 2468 3783 pa·

345 3814 585 3868 rentum
652 3825 797 3886 erga
851 3806 1107 3879 liberos,‚
1172 3807 1334 3885 quod
1381 3814 1575 3867 mater
1636 3810 1835 3885 potius
1901 3808 2121 3868 famem
2183 3810 2467 3885 patiatur,

348 3926 526 3985 quam
562 3916 629 3969 ut
662 3909 867 3970 videat
910 3909 1196 3970 infantem
1252 3912 1511 3984 esurire;
1566 3915 1635 3968 ut
1683 3916 1745 3970 et
1796 3909 1871 3969 ab
1917 3911 2179 3970 amicitia
2213 3911 2467 3985 sincera,

349 4008 511 4085 quod
558 4029 667 4089 pro
726 4012 934 4070 amicis
985 4010 1260 4087 pericula
1308 4009 1596 4086 subeant3
1665 4018 1726 4071 et
1779 4028 1856 4071 ex
1900 4012 2161 4071 amicitia
2208 4009 2370 4071 civili
2411 4014 2472 4069 et

351 4110 664 4186 simulata,
730 4129 887 4190 quae
931 4112 1222 4171 aemulari
1267 4111 1399 4172 vult
1443 4113 1767 4186 sinceram,
1822 4113 1982 4190 quod
2032 4115 2269 4191 potiora
2318 4109 2467 4171 offe-

345 4216 486 4269 rant
521 4207 639 4272 illis
685 4213 899 4289 quibus
938 4212 1140 4271 dicunt
1175 4212 1329 4272 bene
1377 4213 1562 4288 velle,
1622 4221 1682 4273 et
1722 4232 1959 4291 quoque
2007 4212 2167 4290 quod
2205 4212 2324 4271 tale
2365 4227 2468 4269 ore

342 4311 543 4371 ferant
589 4316 830 4373 tametsi
878 4330 997 4372 non
1046 4312 1258 4389 corde3
1315 4313 1552 4373 demum
1616 4331 1689 4374 ex
1740 4321 1954 4394 natura
2001 4314 2245 4385 amoriS,
2312 4325 2467 4387 quae

445 4422 873 4478 Swedenborg.
906 4425 976 4464 De
1012 4423 1155 4466 coeto
1186 4430 1231 4463 et
1263 4422 1467 4465 Inferna.
2050 4413 2130 4469 16
