3013 5114
555 390 665 441 118
1178 377 1270 430 DE
1315 376 1549 430 COELO
1595 375 1685 427 ET
1728 374 2066 431 INFERNO.

553 541 711 600 bono
749 539 967 597 amoris
1011 544 1184 608 sunt,
1240 543 1301 606 et
1349 553 1423 595 ex
1471 534 1576 594 illo
1618 535 1824 593 vident
1868 539 1928 592 et
1962 536 2304 610 percipiunt
2340 551 2514 608 vera,
2571 535 2680 594 sed

554 657 675 699 non
701 639 1028 715 loquuntur
1063 637 1136 697 de
1172 637 1291 695 illis
1323 632 1432 717 (r):
1489 638 1736 694 tametsi
1770 634 2020 712 Angeli,
2061 637 2163 710 qui
2196 637 2258 693 in
2292 634 2503 711 Regno
2533 653 2679 696 coe-

550 741 693 800 lesti
738 745 908 814 sunt,
961 739 1303 815 percipiunt
1351 743 1410 796 et
1464 737 1670 797 vident
1717 753 1893 810 vera,
1949 752 2143 811 usque
2196 736 2679 812 praedicationes

550 840 637 900 ibi
672 840 850 915 fiunt,
908 840 1186 916 quoniam
1223 854 1335 915 per
1374 836 1510 896 illas
1546 837 1920 896 illustrantur
1965 839 2027 895 in
2077 835 2256 895 Veris
2294 855 2450 913 quae
2486 855 2680 896 nove-

553 947 720 1015 runt,
762 946 823 999 et
862 939 1251 1016 perficiuntur
1291 956 1328 996 a
1362 938 1637 1015 pluribus
1678 954 1834 1013 quae
1866 954 1984 996 non
2020 939 2189 1014 prius
2232 945 2559 1012 noverunt,
2614 944 2683 997 nt

552 1043 809 1118 primum
848 1041 1096 1100 audiunt
1130 1039 1262 1109 illa,
1301 1041 1476 1097 etiam
1516 1044 1849 1115 agnoscunt
1882 1037 2019 1112 illa,
2076 1043 2135 1096 et
2171 1039 2257 1096 sic
2299 1040 2677 1123 percipiunss

553 1159 700 1200 vera
737 1159 890 1217 quae
927 1120 1269 1218 percipiunt
1309 1142 1489 1197 etiam
1525 1144 1759 1212 amant,
1833 1147 1904 1196 et.
1943 1155 2054 1214 per
2101 1139 2303 1198 vivere
2348 1116 2682 1217 secufflum

551 1242 659 1301 illa
680 1243 938 1302 *faciunt
981 1245 1140 1301 vitae
1195 1258 1374 1313 suae3
1431 1243 1635 1299 vivere
1695 1239 2026 1297 secundum
2088 1255 2236 1297 vera
2289 1230 2680 1307 dicunffisssi‘se

550 1358 754 1403 amare
791 1344 1112 1401 Dominum
1144 1330 1282 1422 (cc).
2547 1334 2612 1377 ‘ff‘

713 1447 874 1503 226.
935 1441 1160 1502 Omnes
1196 1438 1652 1501 Praedicatofes
1691 1447 1830 1500 sunt
1866 1443 2169 1499 constituti
2206 1459 2243 1499 a
2268 1441 2554 1510 Domino,
2617 1448 2682 1500 et

549 1545 687 1603 inde
725 1546 784 1602 in
822 1543 975 1601 dono
1024 1541 1410 1619 praedicandi
1458 1547 1625 1616 sunt3
1681 1560 1799 1600 non
1843 1541 1987 1600 licet
2034 1541 2215 1600 alicui
2261 1547 2506 1618 praeter
2538 1541 2679 1601 illos

550 1643 766 1702 docere
803 1647 864 1702 in
905 1641 1192 1719 Templis.
1266 1641 1577 1701 Vocantur
1612 1642 2101 1713 PraedicatoreS,
2158 1660 2275 1700 non
2313 1650 2512 1701 autem
2550 1641 2670 1702 Sa-

550 1743 857 1818 cerdotes;
917 1742 1076 1819 quod
1115 1760 1231 1802 non
1269 1743 1652 1814 sacerdoteS‚
1691 1759 1879 1801 causa
1915 1750 2039 1816 est,
2081 1745 2221 1818 quia
2257 1742 2676 1802 Sacerdotium

548 1843 721 1904 Coeli
763 1850 856 1903 est
887 1844 1160 1920 Regnum
1201 1843 1509 1916 Coeleste,
1569 1841 1985 1902 Sacerdotium
2021 1846 2175 1901 enim
2225 1843 2523 1919 significat
2558 1843 2674 1901 bo-

551 1962 693 2003 num
732 1946 949 2003 amoris
985 1947 1044 2002 in
1079 1944 1434 2013 Dominum,
1487 1947 1548 2001 in
1584 1961 1703 2018 quo
1745 1950 1884 2002 sunt
1931 1943 2016 2001 illi
2066 1945 2166 2018 qui
2212 1946 2272 2001 iu
2312 1962 2383 2003 eo
2431 1944 2677 2020 Regn03

547 2044 803 2120 Regium
854 2051 1058 2103 autem
1110 2044 1279 2104 Coe-li
1328 2050 1422 2102 est
1475 2044 1751 2119 Regnum
1810 2044 2156 2120 spirituale,
2214 2044 2469 2120 Regium
2519 2047 2674 2102 enim

550 2145 851 2220 significat
885 2161 1096 2203 verum
1147 2162 1221 2203 ex
1256 2144 1443 2217 bono,
1498 2147 1558 2201 in
1607 2162 1723 2221 quo
1761 2150 1902 2203 sunt
1936 2144 2025 2203 illi
2073 2148 2174 2220 qui
2220 2147 2279 2203 in
2329 2163 2401 2204 eo
2444 2145 2675 2221 Regn0‚

546 2242 825 2302 vidntur
867 2259 1054 2320 supra
1089 2262 1177 2309 nz,
1204 2247 1293 2301 24
1327 2240 1474 2325 (dd).

703 2347 866 2402 227.
950 2344 1307 2419 Doctrinae,
1373 2345 1703 2403 secundum
1760 2362 1906 2420 quas
1970 2346 2449 2422 praedicationes
2500 2345 2672 2419 fiunt,

546 2460 753 2519 ornnes
790 2451 1068 2521 spectant
1102 2448 1285 2504 vitam
1335 2452 1401 2502 ut
1434 2445 1643 2518 finem,
1717 2452 1777 2514 et
1811 2445 1976 2504 nulla
2021 2446 2198 2505 fidem
2235 2447 2463 2522 absque
2510 2448 2675 2505 vita:

542 2544 838 2624 Doctrina
878 2547 1069 2636 intiffli
1112 2547 1263 2607 coeli
1302 2552 1393 2605 est
1432 2546 1670 2623 plenior
1705 2548 2004 2625 sapientia
2030 2566 2207 2625 quam
2237 2548 2506 2608 doctrina
2541 2564 2675 2607 me-

545 2646 629 2704 dii
664 2646 860 2721 Coeli,
918 2654 979 2707 et
1012 2647 1166 2706 haec
1213 2648 1448 2724 plenior
1491 2648 1890 2724 intelligentia
1932 2667 2109 2725 quam
2163 2649 2432 2707 doctrina
2482 2648 2678 2707 ultimi

542 2744 747 2822 Coeli3
800 2747 1127 2806 Doctrinae
1166 2750 1322 2806 enim
1364 2756 1503 2807 sunt
1556 2748 1932 2825 adaequatae
1966 2752 2349 2825 perceptioni
2399 2749 2673 2825 Angelo-

544 2863 675 2903 rum
722 2848 779 2902 in
838 2850 1178 2921 unoquovis
1229 2847 1432 2906 Coelo.
1529 2849 1866 2907 Essentiale
1931 2853 2188 2910 omnium
2249 2852 2674 2909 Doctrinarum

510 2993 523 3000 -
545 2952 639 3003 est
677 2959 1005 3022 agnoscere
1041 2946 1325 3006 Divinum
1362 2947 1707 3006 Humanum
1742 2950 2000 3012 Domini.

838 3115 962 3181 De
1015 3115 1434 3184 Potentia
1496 3114 2048 3211 Angelorum
2104 3116 2379 3187 Coeli.

704 3261 865 3318 228.
949 3257 1128 3333 Quod
1180 3260 1432 3335 Angelis
1484 3264 1563 3319 sit
1615 3264 1914 3339 potentia,
1984 3282 2103 3322 non
2153 3280 2370 3340 capere
2411 3271 2671 3340 possunt

546 3359 664 3433 illi,
726 3363 825 3436 qui
860 3359 1006 3419 nihil
1041 3359 1115 3419 de
1153 3361 1451 3436 spirituali
1486 3362 1739 3437 mundo,
1796 3369 1857 3422 et
1893 3362 1967 3422 de
2005 3365 2137 3442 ejus
2173 3364 2404 3424 influxu
2450 3367 2510 3423 in
2558 3381 2672 3423 na-

610 3516 752 3523 --.α’-ω...

701 3593 843 3656 (cc)v
867 3591 1033 3657 Quod
1074 3594 1286 3646 Amare
1328 3594 1639 3645 Dominum
1675 3605 1732 3646 et
1767 3595 2094 3663 proximum
2130 3595 2204 3648 sit
2229 3595 2431 3648 vivere
2472 3611 2673 3648 seeun-

436 3713 475 3726 ,.
540 3665 677 3718 dum
719 3679 1027 3740 praecepta
1071 3668 1327 3730 Domini,
1372 3687 1438 3721 n:
1490 3676 1696 3729 10143.
1737 3677 1942 3730 10153.
1983 3678 2187 3732 10310.
2222 3678 2428 3732 10578.
2461 3678 2672 3732 10645.

541 3748 824 3882 1Offlgld)
887 3818 1058 3893 Quod
1119 3819 1467 3872 Sacerdotes
1519 3821 2090 3889 repraesentaverint
2134 3821 2442 3884 Dominum
2479 3822 2674 3893 quoad

544 3891 817 3944 Divinum
850 3894 1098 3957 Bonum,
1143 3895 1329 3964 Reges
1364 3895 1557 3965 quoad
1593 3895 1866 3949 Divinum
1902 3900 2154 3962 Verum,
2198 3915 2265 3949 n:
2309 3905 2476 3958 2015.
2501 3904 2673 3958 6148.

545 3965 718 4053 Quod
762 3965 894 4019 inde
937 3966 1206 4020 sacerdos
1249 3969 1308 4020 in
1351 3968 1553 4021 Verbo
1597 3971 1880 4044 significet
1920 3972 2054 4025 illos
2090 3972 2188 4045 qui
2228 3971 2285 4024 in
2320 3974 2479 4027 bono
2516 3989 2673 4026 amo-

538 4058 623 4092 ris
677 4041 733 4092 in
773 4040 1083 4093 Dominum
1114 4053 1276 4105 sunt,
1341 4043 1416 4096 ita
1454 4046 1841 4101 sacerdotium
1884 4048 2029 4102 illud
2070 4048 2322 4112 bonum,
2386 4065 2453 4100 n:
2499 4056 2671 4108 9806.

543 4124 712 4176 9809.
794 4115 966 4188 Quod
1008 4118 1129 4170 Rex
1171 4119 1229 4171 in
1261 4119 1462 4173 Verbo
1505 4121 1788 4193 significet
1829 4123 1963 4177 illos
2004 4125 2104 4197 qui
2146 4124 2206 4175 in
2240 4124 2453 4177 Divino
2487 4127 2673 4186 Vero,

538 4193 908 4331 ἓῑζθέὶεξὲιὲῐὲι
959 4210 1160 4245 verum
1196 4211 1264 4247 ex
1309 4194 1490 4258 bono,
1535 4213 1605 4248 n:
1654 4207 1821 4258 1672.
1858 4208 2026 4260 2015-
2068 4208 2237 4259 2069.
2289 4210 2454 4262 4575·
2503 4208 2674 4260 4581.
