3013 5114
260 420 266 431 '
331 437 533 492 Nemo
568 436 670 491 Ex
705 436 962 496 IMMED.
1004 427 1525 495 Missmconom
1563 439 1634 494 lu
1680 438 1974 495 cosm-M
2018 442 2258 503 szrr.
2343 457 2448 509 3⁶21

333 604 551 659 cuntur
596 599 808 655 novitii
842 588 1089 674 Angeli:
1148 604 1287 657 sunt
1339 596 1472 658 oct'o
1523 599 1718 676 Viae,
1763 600 1942 661 binae
1990 602 2064 660 ab
2117 610 2453 681 unoquovis

328 699 463 759 leco
500 701 904 757 instructionis
920 744 935 773 ,
1003 717 1122 756 una
1171 700 1441 758 ascendit
1498 718 1711 761 versus
1749 701 2087 778 Orientem,
2150 705 2340 765 altera
2376 708 2455 766 ad

337 798 756 859 Occidentem:
815 801 918 875 qui
951 801 1010 857 in
1045 800 1317 876 Regnum
1355 800 1620 860 coeleste
1654 802 1894 860 Domini
1930 807 2206 881 veniunt,
2262 809 2448 867 intro-

329 900 629 959 ducuntur
671 917 782 976 per
816 886 972 958 'viam
1014 901 1398 976 orientalem3
1454 904 1558 978 qui
1594 909 1793 961 autem
1844 904 1920 962 ad
1954 905 2228 981 Regnum
2265 911 2446 983 spiri-

329 1001 527 1076 tuale,
555 986 559 989 ¹
583 1000 1040 1059 introducuntur
1073 995 1184 1077 per
1224 1003 1378 1060 viam
1428 1002 1878 1063 occidentalem.
1970 1003 2243 1080 Quatuor
2276 1008 2449 1087 Viae,

264 1100 267 1103 ’
330 1119 489 1180 quae
531 1100 757 1161 ducunt
794 1101 871 1159 ad
906 1101 1180 1178 Regnum
1217 1103 1480 1162 coeleste
1527 1103 1793 1176 Domini,
1855 1113 2152 1182 apparent
2204 1116 2451 1171 ornatae

335 1203 489 1262 oleis
528 1210 587 1260 et
623 1202 937 1261 arboribus
973 1188 1291 1261 fructiferis
1328 1205 1478 1262 varii
1498 1206 1779 1282 *generis3
1819 1212 1973 1282 quae
2004 1213 2202 1266 autem
2230 1209 2454 1270 ducunt

329 1303 408 1362 ad
441 1303 716 1379 Regnum
757 1303 1070 1379 spirituale
1100 1301 1364 1377 Domini,
1405 1312 1701 1381 apparent
1730 1314 1976 1381 ornatae
2005 1309 2196 1367 vineis
2225 1315 2285 1368 et
2310 1310 2448 1369 lau-

327 1406 478 1463 reis:
530 1403 646 1463 hoc
697 1421 773 1463 ex
824 1404 1379 1480 correspondentia,
1438 1409 1579 1481 quia
1618 1409 1833 1466 vineae
1888 1415 1949 1466 et
1994 1408 2202 1468 laurus
2241 1427 2445 1470 corre-

328 1492 626 1581 spondent
662 1504 958 1563 affectioni
1008 1504 1137 1563 veri
1186 1513 1246 1565 et
1293 1507 1424 1582 ejus
1458 1507 1707 1580 usibuS,
1769 1525 1839 1568 ac
1890 1509 2062 1568 oleae
2111 1516 2171 1569 et
2218 1511 2447 1571 fructus

328 1604 802 1683 correspondent
837 1605 1134 1664 affectioni
1168 1598 1307 1665 boni
1345 1614 1403 1666 et
1441 1609 1573 1685 ejus
1608 1607 1836 1668 usibus,

329 1772 588 1870 Quod
639 1798 889 1844 nemo
945 1799 1043 1843 ex
1096 1773 1612 1846 immediata
1664 1778 2301 1851 Misericordia
2352 1782 2449 1850 in
2512 1811 2526 1822 ·

1026 1875 1373 1946 coelum
1425 1877 1749 1947 veniat.

489 2007 648 2066 521.
702 2008 821 2084 Qui
854 2027 969 2068 non
1006 2011 1280 2087 instructi
1310 2016 1450 2067 sunt
1485 2009 1559 2069 de
1598 2010 1801 2085 Coelo,
1843 2017 1902 2068 et
1938 2011 2011 2070 de
2051 2015 2150 2071 via
2186 2012 2449 2073 ad'Coe-

323 2107 483 2183 lum,
531 2115 658 2168 tum
699 2109 774 2168 de
815 2112 939 2168 vita
984 2109 1155 2169 Coeli
1190 2109 1354 2186 apud
1394 2111 1730 2186 hominem,
1796 2114 2114 2188 opinantur
2150 2112 2309 2190 quod
2343 2131 2446 2173 re-

323 2211 444 2286 cipi
488 2212 549 2268 in
595 2210 829 2270 coelum
877 2214 956 2269 sit
1008 2196 1203 2270 solum
1251 2229 1326 2270 ex
1367 2211 1809 2286 Misericordia,
1876 2231 2031 2288 quae
2075 2214 2195 2273 illis
2247 2216 2447 2291 quiin

321 2310 439 2370 fide
476 2318 646 2382 sunt,
702 2318 764 2370 et
798 2330 907 2388 pro
951 2312 1169 2387 quibus
1207 2313 1497 2371 Dominus
1537 2313 1883 2388 intercedit,
1939 2316 2021 2372 ita
2056 2314 2216 2391 quod
2252 2315 2447 2376 solum

323 2414 403 2469 sit
438 2411 723 2470 admissio
760 2430 835 2469 ex
869 2410 1095 2488 gratia,
1144 2421 1583 2489 consequenter
1619 2414 1779 2489 quod
1817 2430 2021 2472 omnes
2060 2424 2447 2491 quotcunque

321 2517 464 2569 sunt
496 2509 767 2570 homines
803 2512 1028 2571 salvari
1063 2514 1296 2588 possint
1324 2529 1398 2571 ex
1434 2511 1846 2588 beneplacit03
1884 2515 2001 2571 imo
2030 2512 2273 2589 quidam
2301 2514 2437 2590 opi-

323 2616 569 2685 nantur,
611 2612 773 2687 quod
808 2615 987 2670 etiam
1022 2628 1228 2670 omnes
1263 2614 1322 2669 in
1359 2612 1608 2670 inferno.
1667 2612 1790 2672 Sed
1813 2613 1901 2670 illi
1935 2630 2052 2671 non
2091 2615 2292 2672 sciunt
2328 2614 2442 2673 ali-

324 2710 467 2788 quid
504 2711 578 2770 de
615 2712 885 2787 homine,
944 2712 1104 2788 quod
1139 2729 1388 2787 prorsus
1437 2712 1576 2770 talis
1626 2715 1701 2771 sit
1754 2712 1946 2788 qualis
1991 2714 2123 2789 ejus
2160 2716 2316 2786 vita,
2382 2720 2444 2773 et

322 2813 455 2890 ejus
502 2814 628 2872 vita
677 2813 868 2889 qualis
909 2813 1040 2889 ejus
1083 2830 1276 2886 amor,
1333 2831 1451 2871 non
1488 2813 1664 2872 modo
1717 2813 1916 2889 quoad
1959 2815 2243 2872 interiora
2289 2832 2450 2890 quae

323 2920 465 2972 sunt
503 2913 828 2973 voluntatis
860 2921 920 2971 et
954 2913 1292 2973 intellectus
1331 2915 1495 2992 ejus,
1535 2913 1661 2973 'sed
1697 2916 1877 2972 etiam
1914 2914 2111 2991 quoad
2149 2918 2451 2975 exteriora

322 3031 480 3090 quae
527 3020 669 3077 sunt
714 3016 980 3093 corporis
1031 3016 1199 3092 ejuS,
1246 3021 1308 3073 et
1349 3015 1509 3098 quod
1550 3031 1842 3091 corporea
1875 3014 2065 3073 forma
2079 3060 2095 3089 ,
2152 3016 2231 3074 sit
2265 3016 2443 3075 modo

317 3115 509 3175 forma
545 3121 831 3195 externa,
881 3118 942 3176 in
978 3134 1098 3192 qua
1130 3118 1415 3174 interiora
1450 3109 1526 3174 se‘
1555 3118 1776 3174 sistunt
1812 3118 1870 3173 in
1908 3115 2154 3191 effectu,
2206 3122 2267 3175 et
2304 3116 2443 3176 inde

319 3216 484 3292 quod
512 3222 671 3275 totus
708 3215 886 3275 homo
925 3220 1003 3274 sit
1039 3232 1186 3275 suus
1223 3234 1422 3275 amor:
1473 3216 1749 3275 videatur
1786 3233 1971 3291 supra
2006 3234 2075 3273 n:
2119 3218 2255 3277 363
2275 3237 2291 3291 3
2332 3233 2444 3276 nec

318 3318 545 3392 sciunt,
604 3317 766 3394 quod
792 3334 1009 3395 corpus
1049 3334 1164 3374 non
1199 3320 1367 3376 vivat
1403 3334 1480 3375 ex
1519 3333 1615 3392 se,
1675 3317 1785 3375 sed
1821 3334 1893 3378 ex
1931 3333 2041 3374 suo
2082 3317 2329 3391 spiritu,
2385 3324 2446 3375 et

317 3417 482 3492 quod
533 3420 778 3494 spiritus
823 3419 1078 3476 hominis
1130 3419 1209 3475 sit
1240 3421 1391 3494 ipsa
1442 3418 1574 3494 ‘ejus
1630 3416 1893 3489 affecti0,
1952 3421 2013 3474 et
2048 3415 2210 3491 quod
2258 3416 2440 3492 spiri-

317 3516 485 3589 tuale
522 3518 653 3594 ejus
691 3535 909 3594 corpus
939 3537 1058 3576 non
1085 3517 1249 3576 aliud
1286 3521 1364 3575 sit
1399 3535 1581 3593 quam
1608 3517 1863 3575 hominis
1892 3514 2126 3573 affectio
2155 3517 2216 3573 in
2252 3515 2445 3574 forma

317 3614 610 3690 humana,
659 3619 721 3674 in
762 3618 925 3692 quali
962 3620 1142 3675 etiam
1171 3625 1425 3694 apparet
1461 3624 1599 3692 post
1634 3622 1914 3689 mortem,
1956 3614 2231 3673 videatur
2259 3632 2445 3693 supra

316 3733 389 3774 n:
439 3718 580 3775 453
626 3716 704 3774 ad
747 3720 912 3776 460.
991 3717 1183 3787 Haec,
1221 3716 1502 3792 quamdiu
1544 3719 1751 3792 ignota
1785 3722 1953 3785 sunt,
2012 3714 2192 3774 homo
2242 3716 2444 3775 induci

315 3821 521 3895 potest
556 3816 831 3892 credere,
886 3816 1045 3894 quod
1075 3817 1329 3875 salvatio
1357 3834 1474 3875 non
1503 3819 1582 3875 sit
1610 3818 1723 3874 nisi
1751 3834 1929 3892 quam
1962 3815 2438 3893 Beneplacentia

314 3915 571 3988 Divina,
629 3936 783 3994 quae
824 3917 1242 3977 Misericordia
1278 3923 1340 3976 et
1367 3916 1578 3976 Gratia
1613 3924 1881 3975 vocatur.
2004 3984 2014 3992 ,

477 4019 637 4077 522.
712 4018 835 4079 Sed
897 4018 1041 4095 quid
1095 4018 1320 4096 Divina
1374 4016 1790 4077 Misericordia
1854 4020 2113 4094 primum
2172 4017 2438 4092 dicetur:

312 4116 534 4176 Divina
568 4118 978 4179 Misericordia
1027 4126 1119 4178 est
1158 4137 1313 4196 pura
1349 4118 1764 4178 Misericordia
1818 4136 1960 4196 erga
2007 4136 2181 4177 omne
2230 4118 2438 4177 Genus

313 4218 637 4277 humanum
685 4219 763 4277 ad
802 4219 1153 4278 salvandum
1190 4219 1365 4294 illud,
1424 4227 1485 4279 et
1528 4237 1768 4296 quoque
1818 4226 1913 4278 est
1953 4222 2231 4278 continua
2277 4216 2439 4292 apud

313 4322 770 4395 unumquemvis
808 4320 1133 4395 hominem,
1188 4327 1248 4378 et
1283 4336 1582 4397 nusquam
1619 4320 1694 4378 ab
1732 4318 1934 4395 aliquo
1969 4318 2224 4388 recedit,
2284 4333 2436 4393 qua-

417 4429 842 4482 Swedenborg,
879 4431 946 4470 De
979 4430 1121 4471 Coelo
1153 4437 1197 4470 et
1230 4429 1434 4485 Inferno.
2012 4421 2095 4475 21
