3013 5114
391 204 421 227 Ι

327 443 530 499 NEMO
573 445 674 499 Ex
714 443 968 501 lMMED.
1010 445 1527 502 MISERICORDIA
1569 448 1640 502 IN
1684 447 1975 504 COELUM
2018 449 2254 511 VENIT.
2339 463 2445 516 323

489 607 651 665 524.
723 603 790 665 Si
824 605 1094 665 homines
1130 610 1474 691 potuissent
1508 608 1732 669 salvari
1768 626 1842 668 ex
1877 613 2219 672 immediata
2257 614 2445 676 Mise-

322 694 617 776 ricordia,
658 706 1041 767 salvarentur
1077 724 1314 784 omnes,
1346 690 1551 770 'etiam
1589 711 1691 786 qui
1730 713 1791 769 in
1828 710 2067 771 Inferno
2104 722 2272 790 sunt,
2327 718 2447 777 imo

323 823 438 867 nec
472 807 628 866 foret
660 807 996 882 Infernum,
1038 811 1179 884 quia
1211 809 1504 869 Dominus
1534 816 1630 870 est
1662 810 1808 888 Ipsa
1832 811 2263 891 Misericordia,
2300 816 2445 897 Ipse

323 908 542 982 Amor,
599 915 660 968 et
693 908 904 986 Ipsum
954 909 1186 968 Bonum
1199 931 1215 986 3
1271 918 1641 988 quapropter
1678 920 1885 970 contra
1922 912 2205 976 Divinum
2238 916 2442 993 Ipsius

323 1015 420 1069 est
467 1008 699 1080 dicere,
771 1009 931 1086 quod
984 1027 1190 1071 omnes
1250 998 1613 1072 immediate
1643 1016 1839 1089 possit
1892 1013 2162 1090 salvare,
2220 1024 2279 1076 et
2326 1037 2446 1078 non

323 1106 547 1168 salvat:
601 1117 808 1170 notum
838 1128 910 1169 ex
948 1106 1152 1171 Verbo
1184 1119 1303 1186 est,
1346 1112 1506 1190 quod
1532 1112 1830 1172 Dominus
1868 1117 2130 1175 omnium
2164 1117 2441 1194 salutem,

324 1216 386 1270 et
421 1211 642 1271 nullius
681 1210 1156 1288 damnationem,
1212 1213 1374 1272 velit.

442 1326 449 1333 ’
485 1332 644 1391 525.
699 1329 1016 1407 Plerique,
1057 1334 1161 1458 aei
1198 1351 1270 1392 ex
1309 1331 1648 1395 Christiano
1679 1334 1841 1395 Orbe
1875 1338 1937 1395 in
1981 1334 2231 1396 alteram
2260 1339 2445 1397 vitam

321 1434 604 1507 veniunt,
671 1447 879 1490 secum
931 1432 1095 1501 illam
1146 1433 1322 1493 fidem
1377 1435 1608 1509 serunt,
1666 1436 1829 1512 quod
1879 1436 2154 1496 salvandi
2205 1440 2324 1496 sint
2373 1456 2443 1499 ex

319 1534 666 1592 immediata
713 1532 1157 1608 Misericordia,
1206 1553 1345 1593 nam
1389 1535 1553 1594 illam
1602 1536 1955 1613 implorant3
2024 1544 2084 1596 at
2137 1555 2272 1597 cum
2331 1555 2441 1597 ex-

318 1636 543 1711 plorati
578 1641 747 1705 sunt,
808 1642 1176 1710 compertum
1221 1643 1343 1710 est,
1400 1637 1558 1711 quod
1596 1637 1987 1713 crediderint,
2044 1639 2206 1715 quod
2239 1640 2445 1700 venire

321 1739 382 1794 in
420 1734 670 1795 Coelum
715 1737 794 1794 sit
833 1735 1026 1793 solum
1068 1736 1327 1811 admitti,
1388 1744 1448 1794 et
1483 1738 1644 1818 quod
1691 1740 1794 1813 qui
1834 1741 2335 1810 intromittuntur,
2380 1742 2444 1798 in

320 1835 543 1912 gaudio
577 1835 825 1895 coelesti
858 1839 1008 1910 sint,
1057 1853 1308 1912 prorsus
1337 1839 1677 1896 nescientes
1719 1838 1860 1913 quid
1889 1837 2169 1916 Coelum,
2210 1847 2271 1899 et
2298 1838 2444 1916 quid

319 1937 605 2014 gaudium
646 1923 944 2011 co‘eIeste3
1015 1943 1382 2014 quapropter
1419 1937 1536 1996 illis
1583 1937 1805 1997 dictum
1851 1945 1976 2009 est,
2030 1939 2191 2016 quod
2235 1957 2272 1997 a
2309 1939 2443 1998 Do-

320 2040 479 2097 mino
530 2039 751 2096 nemini
799 2037 1033 2097 coelum
1077 2043 1360 2113 negetur,
1442 2045 1500 2096 et
1555 2039 1715 2115 quod
1763 2041 2074 2098 intromitti
2120 2049 2343 2115 queant
2389 2041 2444 2099 si

319 2138 693 2212 desiderant,
732 2145 795 2196 et
832 2155 1073 2216 quoque
1108 2139 1192 2197 ibi
1227 2142 1444 2198 morari
1456 2158 1473 2216 3
1529 2140 1643 2213 illi,
1702 2142 1801 2216 qui
1836 2138 1951 2198 hoc
1992 2138 2434 2215 desiderabant,

321 2242 501 2300 etiam
552 2240 803 2299 admissi
837 2247 1012 2314 sunt,
1067 2239 1177 2299 sed
1213 2258 1349 2299 cum
1383 2244 1442 2299 in
1483 2244 1678 2318 primo
1723 2241 1925 2301 limine
1970 2248 2169 2317 erant,
2226 2257 2301 2300 ex
2345 2240 2441 2299 af-

318 2341 463 2399 flatu
511 2341 730 2400 caloris
761 2341 1080 2415 -coelestiS,
1138 2344 1241 2416 qui
1287 2350 1382 2400 est
1419 2359 1585 2400 amor
1626 2344 1686 2400 in
1738 2358 1855 2417 quo
1908 2349 2049 2399 sunt
2095 2341 2325 2418 angeli,
2381 2348 2444 2401 et

313 2456 396 2515 ,ex
431 2442 657 2499 influxu
682 2441 833 2499 lucis
864 2440 1176 2513 coelestiS,
1233 2460 1387 2517 quae
1427 2447 1523 2499 est
1565 2441 1852 2500 Divinum
1888 2441 2146 2509 Verum,
2184 2444 2445 2518 correpti

321 2545 462 2604 sunt
500 2557 724 2618 angore
765 2540 960 2599 cordis
1001 2540 1133 2615 tali,
1202 2543 1363 2598 utin
1407 2555 1475 2599 se
1525 2542 1853 2599 cruciatum
1904 2540 2255 2612 infernalem
2305 2540 2441 2600 loco

318 2640 528 2719 gaudii
572 2641 857 2704 coelestis
901 2643 1393 2717 apperceperint,
1445 2658 1523 2699 ex
1562 2658 1680 2717 quo
1721 2641 2020 2717 perculsi,
2075 2643 2440 2716 praecipites

316 2760 390 2802 se
440 2742 577 2801 inde
634 2743 1054 2819 conjecerunt3
1125 2743 1210 2799 ita
1265 2758 1376 2817 per
1429 2743 1627 2800 viv‘am
1685 2742 2114 2817 experientiam
2165 2742 2443 2801 instructi

317 2849 488 2920 sunt,
545 2842 707 2919 quod
745 2859 864 2902 non
894 2841 1083 2928 *alicui
1125 2841 1253 2899 dari
1298 2844 1492 2920 possit
1534 2840 1782 2902 Coelum
1827 2860 1902 2901 ex
1937 2840 2280 2901 immediata
2307 2841 2437 2901 Mi-

314 2943 658 3004 sericordia.

315 3211 455 3283 quia
494 3219 582 3263 est
616 3209 906 3281 recipiens
948 3209 1103 3278 ejus,
1145 3226 1216 3260 n:
1261 3215 1431 3270 4219.
1459 3215 1628 3272 4220.
1657 3215 1823 3270 4223.
1856 3216 2025 3269 4523.
2062 3215 2232 3271 4524.
2267 3217 2434 3272 5114.

320 3294 488 3348 5368.
519 3294 688 3346 6013.
720 3294 889 3346 6057.
923 3294 1089 3346 6605.
1121 3293 1288 3345 6626.
1322 3284 1738 3347 9706310156.
1776 3293 1981 3345 10472.
2064 3284 2236 3363 Quod
2262 3286 2437 3338 homo

313 3378 432 3416 non
459 3373 728 3416 nascatur
749 3363 808 3415 in
828 3364 1048 3416 bonum
1079 3373 1137 3414 et
1159 3379 1382 3424 verum,
1412 3362 1515 3416 sed
1546 3362 1602 3414 in
1633 3362 1843 3413 malum
1872 3372 1929 3414 et
1956 3361 2185 3425 falsum,
2214 3360 2293 3413 ita
2319 3378 2438 3413 non

317 3439 377 3490 in
404 3439 677 3491 Divinum
710 3438 994 3504 ordinem,
1030 3437 1130 3490 sed
1166 3438 1224 3489 in
1252 3438 1611 3491 contrarium
1641 3435 1869 3499 ordini,
1914 3447 1970 3489 et
1996 3435 2154 3507 quod
2182 3434 2315 3488 inde
2343 3434 2436 3500 sit,

315 3512 475 3586 quod
503 3514 559 3565 in
588 3531 805 3568 meram
835 3514 1252 3587 ignorantiam,
1290 3524 1349 3568 et
1376 3512 1535 3585 quod
1570 3511 1702 3565 ideo
1729 3510 2058 3565 necessario
2092 3528 2124 3574 e
2157 3527 2315 3563 novo
2344 3509 2438 3563 de-

311 3585 452 3642 beat
482 3590 660 3653 nasci,
695 3591 807 3643 hoc
836 3601 941 3653 est,
977 3590 1334 3662 regenerari,
1373 3588 1530 3661 quod
1557 3587 1623 3640 fit
1651 3604 1757 3659 per
1782 3587 1992 3639 Divina
2023 3603 2160 3640 vera
2187 3604 2219 3638 a
2244 3586 2437 3639 Domi·

314 3682 414 3729 no,
451 3664 603 3718 utin
631 3664 898 3718 ordinem
935 3664 1277 3727 reducatur,
1320 3682 1389 3716 n:
1433 3669 1602 3723 1047.
1642 3670 1809 3721 2307.
1844 3670 2015 3722 2308.
2050 3669 2222 3723 3518.
2262 3669 2435 3723 3812.

314 3747 487 3803 8480.
525 3747 692 3801 8550.
739 3748 947 3801 10283.
986 3747 1194 3800 10284.
1225 3746 1430 3799 10286.
1473 3746 1682 3799 10731.
1763 3737 1934 3815 Quod
1961 3739 2262 3803 Dominus,
2305 3756 2436 3791 eum

311 3816 608 3884 hominem
647 3834 680 3870 e
721 3834 877 3870 novo
912 3816 1146 3878 format,
1189 3816 1299 3868 hoe
1342 3825 1446 3878 est,
1492 3824 1814 3886 regenerat,
1859 3813 2052 3866 omnia
2080 3812 2232 3885 apud
2273 3814 2435 3868 illum

311 3893 585 3965 disponat
625 3891 942 3946 secundum
996 3890 1295 3954 ordinem,
1358 3890 1517 3965 quod
1570 3900 1658 3943 est
1711 3889 1770 3942 in
1820 3889 2067 3943 sormam
2122 3889 2304 3955 coeli,
2365 3907 2435 3943 n:

314 3978 482 4031 5700.
520 3977 691 4032 6690.
734 3977 903 4030 9931.
947 3975 1152 4029 10303.
1235 3965 1404 4043 Quod
1445 3966 1595 4019 mala
1646 3976 1705 4020 et
1758 3966 1903 4019 falsa
1942 3966 2057 4020 sint
2096 3977 2302 4021 contra
2342 3983 2433 4019 or-

311 4044 538 4109 dinem,
582 4055 640 4100 et
680 4045 834 4118 quod
879 4062 1063 4118 usque
1105 4043 1211 4108 illi,
1256 4044 1355 4117 qui
1399 4043 1458 4095 in
1501 4043 1619 4096 illis
1660 4054 1822 4108 sunt,
1865 4062 1898 4098 a
1938 4043 2193 4097 Domino
2234 4058 2434 4114 regan·

311 4131 410 4178 tur
449 4138 569 4174 non
622 4121 935 4175 secundum
991 4119 1288 4185 ordinem,
1353 4118 1452 4173 sed
1514 4138 1581 4173 ex
1636 4117 1876 4184 ordine,
1939 4137 2005 4171 n:
2051 4121 2219 4179 4839.
2266 4124 2434 4177 7877.

313 4204 523 4259 10778.
598 4197 773 4274 Quod
806 4196 1171 4268 impossibile
1213 4196 1317 4259 sit,
1362 4196 1519 4269 quod
1563 4198 1769 4259 homo,
1826 4195 1926 4268 qui
1971 4195 2029 4247 in
2071 4195 2223 4247 malo
2263 4192 2434 4255 vivit,

309 4274 499 4345 possit
540 4273 750 4325 salvari
796 4291 863 4325 cx
905 4274 1030 4326 sola
1071 4273 1515 4336 Misericordia,
1581 4273 1715 4343 quia
1757 4273 1867 4324 hoc
1910 4280 1998 4324 est
2036 4280 2238 4322 contra
2279 4266 2434 4321 Divi-

308 4368 444 4402 num
490 4349 803 4415 Ordinem,
847 4366 915 4405 ηε
961 4357 1128 4410 8700·
1938 4431 2014 4485 '²1
2064 4420 2101 4460 2*
