3013 5114
562 471 668 522 116
1173 458 1270 510 DE
1317 452 1550 510 OOELO
1594 453 1689 508 ET
1727 451 2060 508 INFERNO.

947 612 1069 680 De
1124 607 1398 680 Cultu
1451 607 1780 678 Divino
1836 606 1927 676 in
1985 603 2279 676 Coelo.

717 750 878 806 221.
938 744 1147 804 Cultus
1192 744 1449 803 Divinus
1501 743 1563 799 in
1609 741 1809 800 Coelis
1856 758 1976 799 non
2020 738 2306 798 absimilis
2358 745 2453 796 est
2500 738 2688 797 cultui

557 850 777 908 Divino
822 849 883 905 in
938 847 1115 904 terris
1172 843 1371 920 quoad
1425 849 1701 914 externa,
1768 842 1878 901 sed
1926 840 2124 916 quoad
2170 842 2407 898 interna
2455 839 2689 916 differt;

557 956 700 1008 sunt
759 946 879 1006 illis
935 963 1128 1022 aeque
1180 945 1539 1016 Doctrinae,
1623 951 1762 1002 sunt
1830 942 2351 1010 PraedicationeS,
2424 949 2484 999 et
2545 949 2688 999 sunt

561 1048 849 1124 Templa:
903 1045 1264 1106 Doctrinae
1301 1045 1498 1120 quoad
1536 1043 1884 1103 essentialia
1930 1042 2325 1110 conveniunt,
2378 1041 2491 1100 sed
2527 1025 2688 1127 inte-

450 1222 457 1227 Ἰ
556 1152 732 1208 rioris
775 1148 1108 1223 sapientiae
1146 1154 1284 1205 sunt
1314 1162 1468 1221 quae
1502 1147 1565 1203 in
1603 1143 1804 1203 Coelis
1839 1142 2271 1220 superioribus,
2311 1136 2684 1219 quaniffiae

559 1255 620 1308 in
660 1249 861 1309 Coelis
896 1247 1307 1308 inferioribus:
1362 1243 1890 1304 Praedicationes
1920 1249 2059 1302 sunt
2095 1242 2426 1302 secundum
2460 1232 2688 1311 doctri-

559 1366 702 1411 nas:
761 1357 820 1408 et
863 1353 1018 1409 sicut
1051 1349 1170 1406 illis
1210 1354 1351 1404 sunt
1400 1345 1611 1404 domus
1656 1353 1716 1404 et
1768 1345 2028 1420 palatia,
2083 1361 2152 1401 n:
2212 1345 2348 1402 183
2394 1343 2472 1402 ad
2521 1345 2682 1418 190,

559 1453 645 1510 ita
681 1468 918 1528 quoque
955 1456 1094 1508 sunt
1134 1441 1400 1524 Templa
1437 1448 1494 1503 in
1533 1446 1747 1521 quibus
1774 1446 2255 1522 praedicationes
2284 1443 2450 1502 fiunt.
2508 1443 2694 1520 Quod

559 1552 708 1611 talia
740 1553 802 1609 in
842 1549 1042 1610 Coelis
1094 1556 1334 1625 quoque
1377 1549 1527 1619 sint,
1588 1553 1680 1605 est
1719 1549 1859 1623 quia
1895 1545 2112 1622 Angeli
2166 1545 2447 1605 continue
2493 1544 2683 1622 perfi-

559 1655 796 1712 ciuntur
832 1651 1131 1726 sapientia
1167 1655 1227 1708 et
1262 1665 1500 1722 amore3
1558 1655 1652 1706 est
1691 1649 1847 1706 enim
1891 1647 2009 1706 illis
2061 1662 2255 1723 aeque
2306 1663 2377 1704 ac
2424 1630 2718 1715 homini-⁷

559 1752 674 1811 bus
710 1751 1053 1810 intellectus
1099 1758 1159 1809 et
1196 1749 1506 1822 voluntaS,
1560 1765 1630 1808 ac
1665 1748 2008 1806 intellectus
2058 1747 2196 1806 talis
2248 1752 2443 1806 estut
2492 1738 2686 1806 eonti-

557 1871 678 1912 nue
742 1859 923 1928 queat
977 1851 1213 1928 perfici,
1271 1849 1546 1908 similiter
1598 1849 1915 1923 voluntas,
1982 1848 2325 1908 intellectus
2379 1865 2491 1925 per
2538 1862 2691 1908 vera

563 1971 718 2030 quae
783 1959 922 2012 sunt
980 1952 1441 2028 intelligentiae,
1528 1957 1588 2010 et
1635 1951 1911 2009 voluntas
1963 1967 2073 2025 per
2121 1949 2280 2007 bona
2337 1950 2518 2043 quau
2527 1952 2691 2033 rjunt

561 2058 781 2117 amoris
822 2050 962 2133 (aa).
2409 2114 2416 2117 ,
2555 2040 2562 2047 ’
2727 2048 2728 2051 ’

722 2158 884 2212 222
941 2154 1168 2212 Verum
1214 2156 1346 2228 ipse
1386 2152 1597 2212 Cultus
1633 2151 1889 2210 Divinus
1927 2152 1989 2209 in
2026 2149 2224 2210 Coelis
2262 2150 2422 2210 non
2453 2164 2456 2165 ’

561 2259 622 2314 in
667 2253 1117 2329 frequentandis
1168 2253 1465 2328 TempIiS‚
1525 2258 1585 2311 et
1634 2253 1694 2309 in
1746 2251 2156 2311 auscultandis
2205 2251 2686 2311 Prae-dicationi-

560 2355 704 2429 bus,
748 2353 858 2412 sed
893 2356 951 2411 in
998 2357 1120 2412 vita
1150 2356 1409 2428 ,amori5,
1467 2353 1775 2412 charitatis
1820 2359 1879 2412 et
1912 2352 2417 2412 fidei-secundum
2460 2352 2686 2423 doctrie·

559 2473 669 2525 nas
682 2476 697 2530 3
736 2455 1219 2530 praedicationes
1248 2457 1310 2513 in
1339 2453 1609 2529 Templis
1638 2455 1971 2512 inserviunt
1998 2454 2191 2513 solum
2225 2471 2335 2529 pro
2371 2453 2584 2512 mediis
2619 2458 2690 2512 ut

559 2561 932 2617 instruantur
966 2559 1024 2615 in
1059 2556 1240 2616 rebus
1296 2557 1476 2615 vitae.
1566 2555 1880 2631 Loquutus
1926 2570 2058 2615 sum
2114 2572 2251 2615 cum
2299 2554 2551 2631 Angelis
2609 2554 2686 2615 de

559 2660 674 2719 hac
711 2677 776 2717 re
792 2637 817 2732 ,’
867 2665 927 2716 et
963 2658 1079 2716 dixi
1117 2657 1276 2734 quod
1314 2660 1376 2716 in
1414 2657 1637 2715 mundo
1688 2657 2001 2730 credatur,
2059 2656 2218 2731 quod
2256 2654 2469 2715 Cultus
2504 2655 2685 2714 Divi-

561 2777 675 2818 nus
713 2758 910 2816 solum
949 2759 1029 2816 sit
1067 2758 1448 2833 frequentare
1479 2758 1765 2833 Templa,
1804 2757 2283 2833 praedicationes
2323 2755 2689 2826 auscultare,

560 2869 654 2918 ter
690 2864 978 2933 quaterve
1018 2860 1333 2932 quotannis
1385 2857 1551 2917 obire
1600 2864 2044 2917 sacramentum
2101 2856 2371 2930 Coenae,
2433 2864 2493 2916 et
2538 2856 2687 2916 reli-
2733 2865 2754 2936 J

562 2972 683 3035 qua
737 2958 934 3017 cultus
986 2958 1316 3016 secundum
1368 2957 1682 3016 Ecclesiae
1728 2965 1987 3033 statuta,
2059 2965 2118 3017 et
2177 2975 2415 3035 quoque
2468 2947 2736 3016 vacare*

560 3058 881 3136 precibuS,
941 3065 1000 3115 ot
1046 3065 1184 3117 tunc
1233 3074 1299 3117 se
1354 3057 1569 3117 devote
1606 3076 1816 3134 gerere
1832 3080 1848 3134 3
1904 3059 2123 3135 Angeli
2170 3059 2473 3132 dixerunt,
2530 3056 2691 3135 quod

558 3159 712 3218 haec
749 3161 868 3216 sint
917 3162 1164 3215 externa
1211 3176 1366 3235 quae
1412 3159 1719 3234 facienda,
1776 3161 1884 3219 sed
1926 3160 2086 3237 quod
2133 3160 2278 3219 nihil
2334 3158 2596 3218 efficiant
2631 3159 2686 3217 si

561 3277 682 3317 non
716 3261 1011 3347 internum
1053 3261 1130 3316 sit
1167 3275 1241 3317 ex
1270 3276 1387 3335 quo
1415 3260 1776 3335 procedant,
1828 3268 1890 3319 et
1928 3260 2090 3337 quod
2123 3263 2422 3320 internum
2450 3261 2540 3320 sit<
2561 3259 2692 3319 vita

561 3360 895 3444 secundumr
925 3368 1255 3437 praecepta
1291 3378 1446 3435 quae
1485 3360 1661 3419 docet
1697 3360 1979 3420 doctrina.

721 3464 884 3521 223.
939 3461 1021 3522 Ut
1063 3447 1278 3521 scirem
1314 3462 1526 3539 quales
1576 3461 1816 3521 illorum
1854 3470 2189 3523 conventus
2225 3467 2366 3523 sunt
2398 3463 2461 3520 in
2498 3460 2688 3522 Tem-

558 3700 693 3735 rarc
739 3699 807 3735 ex
847 3699 1046 3737 amore
1092 3699 1226 3755 erga
1275 3684 1639 3756 proximum,
1685 3692 1742 3736 et
1795 3681 1952 3754 quod
1992 3681 2127 3737 inde
2175 3682 2291 3735 illis
2334 3692 2486 3737 tanta
2528 3690 2691 3753 pote·

560 3769 694 3821 staS,
738 3776 806 3810 nt
851 3767 1016 3819 5732.
1060 3757 1243 3823 Quod
1279 3777 1346 3812 cx
1374 3759 1621 3831 imperio
1650 3758 1807 3831 quod
1836 3776 1903 3812 cx
1937 3777 2137 3813 amore
2170 3759 2257 3812 sui
2294 3759 2488 3812 omnia
2520 3757 2690 3823 mala,

559 3841 902 3894 11:10038.
985 3834 1156 3922 Quod
1211 3846 1517 3907 postquam
1579 3852 1807 3888 amores
1863 3835 1949 3887 sui
2009 3846 2068 3889 et
2116 3832 2316 3888 rr‘rundi
2371 3843 2696 3905 caeperunt.

559 3924 843 3980 regnare,
899 3910 1164 3963 homines
1212 3911 1395 3963 coacti
1434 3911 1549 3962 sint
1591 3928 1649 3963 se
1687 3910 1979 3979 subjicere
2015 3911 2313 3983 imperiis,
2359 3921 2421 3964 ut
2462 3909 2566 3963 tuti
2604 3926 2690 3963 es·

561 3994 723 4048 sent,
769 4001 837 4035 nt
884 3992 1297 4045 7364·10160·
1340 3993 1546 4046 10814
2617 4023 2626 4032 ·

715 4060 834 4125 (aa)
877 4059 1049 4135 Quod
1090 4060 1424 4115 Intellectus
1466 4062 1540 4115 sit
1580 4061 1871 4133 recipiens
1912 4062 2071 4128 veri,
2114 4073 2172 4117 et
2214 4064 2481 4116 voluntas
2520 4060 2687 4126 honi,

558 4151 628 4194 nr:
672 4142 842 4195 3623.
881 4142 1049 4195 6125.
1081 4143 1247 4196 ⁷503.
1286 4144 1452 4197 9300.
1485 4144 1653 4199 9930.
1718 4136 1881 4203 Quod
1913 4137 2061 4191 sicut
2096 4138 2286 4193 omnia
2331 4156 2391 4191 se
2424 4136 2694 4191 referunt

438 4215 456 4222 ”
558 4209 629 4264 ad
662 4228 865 4265 verum
909 4221 966 4264 et
998 4211 1250 4276 bonum,
1314 4213 1391 4266 ita
1428 4229 1608 4266 omne.
1641 4214 1793 4267 vitae
1830 4214 2080 4268 hominis
2120 4214 2190 4267 ad
2229 4215 2587 4268 intellectum
2629 4222 2690 4266 et

556 4287 934 4351 voluntatem,
979 4297 1059 4341 ιιε·
1090 4293 1218 4349 803.
1261 4297 1477 4351 10122:
1510 4288 1675 4354 Quod
1713 4290 1915 4361 Angeli
1954 4292 2012 4343 in
2048 4301 2351 4345 aeternum
2387 4288 2695 4361 perfician-

561 4374 676 4433 tur,
721 4381 788 4420 ¹¹²
833 4371 1003 4430 4803·
1033 4371 1201 4429 6648·
