3013 5114
590 412 700 465 208
1212 400 1306 454 DE
1350 399 1587 455 costo
1629 397 1723 453 ET
1763 396 2099 455 1NFERN0.
2187 479 2193 483 Π

592 555 832 610 scientia
876 554 1251 627 antiquorum
1306 553 1489 608 fuerit
1542 552 1783 606 scicntia
1834 549 2488 624 correspondentiarum
2539 563 2596 607 et
2635 570 2725 607 re-

592 632 1140 706 praesentationum,
1200 649 1307 702 per
1349 648 1520 700 quam
1566 630 1623 681 in
1665 630 2058 701 cognitionem
2102 628 2492 700 spiritualium
2537 645 2597 683 se
2640 629 2723 682 in-

594 709 1010 770 troduxerunt,
1076 708 1173 759 sed
1218 706 1376 778 quod
1438 707 1537 758 illa
1589 706 1828 759 scientia
1883 705 2058 760 hodie
2112 722 2357 777 prorsus
2410 704 2724 760 obliterata

594 786 697 849 sit,
741 802 810 837 n:
854 791 1025 845 4844.
1070 791 1239 844 4749.
1284 790 1454 844 4964.
1498 789 1668 843 4965.

749 878 919 956 Quod
969 895 1106 931 vera
1150 877 1474 948 spiritualia
1531 893 1648 928 non
1702 874 2117 948 comprehendi
2160 876 2417 947 possint,
2485 877 2596 931 nisi
2639 897 2724 934 se·

596 958 832 1029 quentia
875 958 1012 1007 haec
1068 952 1421 1006 universalia
1477 953 1767 1013 sciantur,
1835 969 2044 1024 nempe
2099 953 2144 1011 l.
2201 952 2371 1024 Quod
2427 955 2619 1008 omnia
2663 955 2724 1008 in

596 1032 874 1084 universo
918 1048 978 1084 se
1020 1029 1280 1083 referant
1322 1027 1392 1081 ad
1432 1028 1651 1080 bonum
1693 1038 1753 1082 et
1791 1046 2014 1090 verum,
2058 1038 2115 1082 et
2154 1027 2224 1081 ad
2251 1029 2725 1095 conjunctionem

597 1094 935 1180 utriusque,
996 1117 1060 1158 ut
1102 1105 1217 1158 sint
1256 1104 1511 1177 aliquid,
1576 1104 1654 1156 ita
1695 1104 1768 1158 ad
1808 1122 2063 1158 amorem
2105 1115 2162 1158 et
2203 1104 2371 1158 fidem
2415 1116 2473 1160 et
2514 1124 2722 1160 eorum

599 1183 1093 1250 conjunctionem.
1176 1183 1250 1233 11.
1293 1180 1456 1246 Quod
1489 1179 1643 1251 apud
1685 1180 1977 1234 hominem
2021 1180 2093 1233 sit
2132 1181 2468 1236 intellectus
2509 1192 2567 1236 et
2611 1187 2726 1237 Vo-

597 1262 818 1323 luntas,
885 1269 942 1311 et
984 1257 1138 1330 quod
1181 1258 1517 1311 Intellectus
1560 1256 1633 1308 sit
1672 1257 2106 1328 receptaculum
2146 1259 2275 1311 veri
2326 1275 2393 1310 ac
2438 1259 2721 1313 Voluntas

597 1336 775 1403 boni;
843 1345 900 1388 et
940 1335 1095 1405 quod
1140 1336 1332 1386 omnia
1385 1334 1456 1384 ad
1497 1332 1636 1385 bina
1671 1332 1769 1386 illa
1810 1333 1964 1404 apud
2004 1333 2296 1387 hominem
2338 1351 2399 1386 se
2439 1335 2720 1400 referant,

600 1424 659 1466 et
698 1412 770 1465 ad
810 1410 1282 1477 conjunctionem
1325 1409 1582 1474 illorum,
1628 1409 1776 1462 sicut
1804 1410 1996 1462 omnia
2023 1410 2094 1462 ad
2136 1429 2340 1463 verum
2381 1421 2439 1465 et
2478 1412 2720 1477 bonum,

597 1506 665 1541 ac
705 1505 906 1541 eorum
950 1485 1439 1551 conjunctionem.
1524 1485 1628 1542 111.
1729 1485 1841 1538 uod
1879 1487 2068 1538 Homo
2097 1486 2366 1540 Internus
2407 1486 2480 1540 sit
2520 1497 2578 1541 et
2614 1491 2721 1541 Ex-

601 1574 831 1625 ternus,
908 1570 965 1614 et
1019 1561 1176 1633 quod
1230 1561 1314 1614 illi
1371 1561 1525 1613 inter
1576 1578 1637 1617 se
1691 1562 1946 1615 ‹istincti
2004 1562 2117 1614 sint
2169 1563 2315 1616 sicut
2369 1562 2612 1617 Coelum
2664 1573 2725 1617 et

599 1638 881 1700 Mundus,
944 1646 1002 1690 et
1053 1647 1243 1690 tamen
1284 1635 1443 1710 quod
1483 1654 1661 1703 unum
1722 1638 1972 1692 debeant
2023 1638 2249 1702 facere,
2310 1649 2375 1693 ut
2430 1640 2602 1692 homo
2647 1639 2722 1693 sit

600 1732 738 1769 vere
782 1717 973 1766 homo,
1055 1715 1158 1771 lv.
1203 1712 1368 1778 Quod
1409 1714 1506 1766 lux
1549 1714 1697 1767 coeli
1743 1715 1816 1768 sit
1848 1714 1907 1767 in
1946 1731 2057 1785 qua
2087 1716 2353 1768 internus
2393 1715 2718 1780 homo-est,

600 1800 658 1845 et
697 1791 792 1844 lux
836 1788 1033 1842 mundi
1078 1789 1137 1840 in
1179 1807 1290 1862 qua
1338 1793 1650 1853 ExternuS,
1719 1801 1774 1844 et
1816 1790 1972 1863 quod
2018 1791 2139 1844 Lux
2194 1792 2343 1844 coeli
2398 1791 2473 1844 sit
2533 1792 2722 1863 ipsum

598 1867 874 1920 Divinum
931 1868 1146 1918 Verum
1202 1884 1271 1919 ex
1324 1884 1459 1938 quo·
1495 1867 1683 1919 omnis
1746 1866 2146 1938 intelligentia.
2229 1869 2299 1920 V.
2362 1865 2527 1932 Quod
2569 1869 2722 1924 inter

597 1944 695 1997 illa
736 1960 882 2016 quae
925 1942 983 1994 in
1027 1943 1263 1994 interno
1307 1952 1364 1995 ct
1404 1959 1552 2014 quae
1596 1943 1654 1993 in
1709 1945 1960 1996 Externo
2018 1942 2250 1996 homine
2305 1952 2436 1996 sunt
2477 1944 2551 1996 sit
2592 1960 2722 1997 cor·

596 2019 1027 2091 respondentia,
1071 2028 1128 2071 ct
1154 2018 1309 2090 quod
1351 2018 1484 2071 inde
1512 2018 1804 2072 utrobivis
1847 2019 1953 2072 sub
1994 2019 2104 2072 alia
2147 2018 2340 2089 specie
2380 2030 2717 2091 appareant,

597 2113 780 2168 usque
820 2094 966 2148 adeo
1007 2105 1070 2146 ut
1104 2111 1221 2145 non
1257 2093 1674 2166 dignoscantur
1701 2113 1869 2167 quam
1906 2112 2012 2166 per
2042 2095 2339 2148 scientiam
2374 2113 2722 2168 correspon-

600 2171 948 2225 dentiarum.
1012 2168 1131 2220 Nisi
1175 2170 1315 2222 haec
1358 2179 1414 2222 et
1455 2169 1623 2240 plura
1651 2170 1761 2224 alia
1797 2172 2079 2235 sciuntur,
2125 2188 2241 2223 non
2280 2183 2522 2243 possunt
2557 2171 2722 2226 ideae

596 2247 671 2299 de
723 2246 878 2298 veris
932 2244 1336 2315 spiritualibus
1389 2254 1447 2297 et
1498 2246 1850 2300 coelestibus
1905 2247 2016 2300 nisi
2075 2247 2429 2317 incongruae
2483 2247 2611 2319 capi
2664 2257 2724 2302 et

598 2321 880 2385 formari,
943 2329 1002 2372 et
1043 2320 1123 2372 sic
1167 2320 1324 2391 quod
1379 2321 1692 2375 scientifica
1748 2333 1806 2378 et
1846 2323 2214 2395 cognitiones
2255 2341 2402 2394 quae
2444 2324 2723 2378 naturalis

598 2397 849 2452 hominis
889 2395 1108 2467 absque
1149 2396 1580 2449 universalibus
1622 2398 1738 2452 illis
1791 2417 1993 2470 parum
2038 2400 2262 2470 possint
2303 2400 2591 2453 inservire
2630 2417 2719 2453 ra·

600 2472 802 2526 tionali
862 2472 1083 2526 homini
1144 2471 1215 2525 ad
1277 2473 1636 2526 intellectum
1703 2484 1760 2528 et
1812 2476 2252 2534 incrementum.
2335 2475 2478 2530 Inde
2537 2485 2717 2548 patet,

601 2542 769 2623 quam
812 2549 1137 2603 necessaria
1179 2560 1311 2603 sunt
1352 2549 1682 2604 scientifica.

681 2729 807 2795 De
872 2725 1350 2797 Divitibus
1408 2744 1491 2797 et
1554 2702 2134 2825 Pauperibus
2189 2729 2275 2799 in
2328 2717 2631 2801 Coelo.
2682 2714 2693 2721 ⁰

759 2892 919 2951 357.
994 2889 1146 2950 Sunt
1188 2892 1393 2949 variae
1446 2893 1757 2968 opiniones
1811 2893 1887 2953 de
1929 2896 2275 2971 receptione
2324 2896 2386 2953 in
2441 2893 2722 2972 Coelum3

600 2991 843 3070 quidam
886 2993 1234 3067 opinantur,
1281 2991 1439 3066 quod
1475 2992 1788 3070 Pauperes
1815 2998 2179 3072 recipiantur
2216 3002 2277 3054 et
2305 3013 2424 3056 non
2454 2996 2720 3074 Divites;

597 3091 837 3170 quidam
877 3091 1037 3168 quod
1075 3108 1266 3167 aeque
1304 3091 1538 3151 Divites
1581 3109 1650 3151 ac
1687 3094 2030 3174 Pauperes3
2071 3096 2312 3173 quidam
2352 3098 2511 3175 quod
2545 3096 2721 3156 Divi-

518 3264 522 3268 ‚
598 3198 691 3253 tes
726 3210 844 3252 non
891 3194 1098 3270 recipi
1128 3194 1391 3269 possint,
1447 3196 1563 3252 nisi
1600 3193 1877 3255 abdicent
1926 3213 2069 3256 suas
2122 3197 2444 3259 facultates
2483 3205 2544 3259 et
2575 3198 2725 3257 fiant

600 3296 756 3353 sicut
791 3310 1125 3371 pauperes;
1168 3295 1422 3371 quisque
1459 3311 1628 3353 suam
1668 3297 2003 3372 opinionem
2042 3299 2349 3358 confirmat
2381 3318 2454 3359 ex
2483 3298 2722 3360 Verbo:

599 3396 708 3455 sed
764 3381 867 3473 qui
910 3395 1228 3456 discrimen
1277 3394 1504 3455 faciunt
1553 3398 1708 3456 inter
1759 3397 1995 3458 Divites
2045 3406 2106 3459 et
2156 3400 2468 3477 Pauperes
2522 3399 2725 3479 quoad

599 3496 878 3572 Coelum,
944 3497 1032 3555 illi
1078 3513 1197 3555 non
1248 3496 1590 3574 intelligunt
1630 3497 1929 3575 Verbum3
1986 3499 2258 3561 Verbum
2307 3503 2369 3561 in
2423 3503 2557 3561 sinu
2607 3517 2722 3561 suo

599 3604 693 3657 est
738 3597 1088 3675 spirituale,
1139 3600 1201 3656 in
1234 3598 1410 3657 litera
1469 3605 1671 3659 autem
1703 3599 2008 3676 naturale,
2064 3619 2249 3678 quare
2301 3604 2404 3680 qui
2450 3601 2725 3662 Verbum

598 3698 773 3757 modo
810 3699 1138 3757 secundum
1175 3715 1422 3757 sensum
1461 3700 1783 3776 literalem,
1842 3707 1902 3760 et
1940 3719 2058 3761 non
2094 3702 2425 3762 secundum
2461 3703 2724 3779 aliquem

606 3798 1011 3874 spiritualem,
1064 3801 1337 3876 capiunt,
1375 3800 1463 3858 illi
1500 3807 1701 3859 errant
1742 3802 1802 3859 in
1839 3803 2072 3875 multis»,
2107 3804 2397 3879 imprimis
2434 3803 2510 3863 de
2543 3804 2723 3863 Divi-

597 3898 759 3956 tibus
794 3904 856 3957 et
886 3898 1300 3975 Pauperibus3
1337 3906 1403 3959 ut
1440 3901 1600 3976 quod
1626 3902 1929 3961 Divitibus
1968 3910 2088 3962 tam
2117 3904 2355 3964 difficile
2385 3906 2464 3963 sit
2495 3906 2722 3964 intrare

598 4000 658 4057 in
685 3996 933 4057 Coelum
967 4000 1124 4056 sicut
1153 3999 1383 4075 camelo
1412 4018 1523 4075 per
1551 4002 1819 4062 foramen
1855 4020 2031 4079 acus,
2073 4010 2133 4064 et
2164 4005 2325 4083 quod
2351 4004 2724 4083 pauperibus

599 4098 773 4158 facile
801 4099 941 4173 quia
964 4114 1264 4173 pauperes
1293 4105 1448 4169 sunt,
1472 4104 1752 4177 quoniam
1780 4103 2011 4181 dicitur,
2040 4104 2208 4165 beati
2225 4118 2545 4186 pauperes
2569 4104 2726 4185 quia

596 4216 812 4259 eorum
844 4202 940 4258 est
973 4196 1270 4277 Reynum
1307 4196 1646 4277 coelorum,
1695 4202 1945 4279 [Matthz
1987 4205 2072 4264 V:
2116 4195 2204 4295 3.]
2240 4206 2401 4265 Luc:
2439 4206 2556 4265 VI:
2611 4208 2726 4265 20.

604 4302 728 4379 213
783 4298 891 4360 sed
928 4301 1029 4377 qui
1072 4306 1291 4360 norunt
1328 4300 1554 4379 aliquid
1598 4302 1673 4364 de
1710 4320 1893 4363 sensu
1930 4290 2231 4384 spirituali
2269 4307 2487 4384 Verbi,
2547 4306 2724 4369 aliter
