3013 5114
604 432 718 491 258
1211 421 1309 476 DE
1350 417 1589 475 COELO
1632 414 1726 470 ΕΤ
1765 410 2104 474 INFERNO.

609 588 720 650 sed
756 583 914 664 quod
948 601 1065 644 non
1114 581 1393 661 conjungi
1424 584 1629 657 potest
1667 577 1909 648 Divino,
1945 573 2060 633 hoc
2096 571 2453 648 dissipatur:
2510 567 2582 626 de
2617 566 2725 626 In·-

609 692 751 750 timo
781 684 946 762 >quod
996 691 1090 744 est
1125 683 1349 743 homini
1395 698 1543 758 prae
1590 680 1829 753 bestiis,
1882 692 2069 752 supra
2103 692 2171 732 n:
2230 673 2317 730 39
2374 675 2574 729 actum
2609 671 2725 738 est,

611 788 771 868 quod
804 787 900 845 hic
940 789 1157 845 iterum
1190 783 1640 843 memorandum
1689 786 1809 854 est,
1875 779 2015 854 quia
2063 778 2344 845 interest,
2400 777 2468 830 ιιι
2516 769 2724 829 discu-

611 894 833 950 tiantur
879 887 1156 945 fallaciae
1200 885 1339 944 inde
1383 890 1625 959 captae,
1681 887 1749 938 ut
1799 879 1864 938 fit
1912 895 1949 937 a
1989 874 2262 953 pluribus
2302 875 2404 949 qui
2440 872 2516 931 ob
2554 870 2729 931 defe-

613 997 770 1052 ctum
809 986 1226 1062 scientiarum,
1294 1003 1363 1045 ac
1412 979 1778 1043 intellectum
1822 997 1940 1038 non
1990 983 2292 1054 apertum,
2356 975 2430 1032 de
2465 973 2560 1032 his
2604 987 2728 1031 non

612 1089 981 1151 rationaliter
1017 1087 1373 1148 concludere
1400 1090 1686 1162 possunt3
1740 1082 1892 1140 haec
1928 1077 2009 1138 ibi
2043 1077 2233 1138 verba
2269 1082 2425 1149 sunt,
2477 1073 2728 1149 „Velim

617 1193 968 1268 „Arcanum
1015 1188 1313 1265 quoddam
1356 1187 1430 1246 de
1475 1185 1726 1261 Angelis
1774 1186 1951 1241 trium
2007 1180 2326 1240 Coelorum
2371 1190 2727 1249 memorare,

619 1293 828 1371 „quod
863 1294 1029 1368 prius
1066 1307 1181 1349 non
1230 1289 1407 1347 alicui
1439 1290 1499 1345 in
1554 1291 1812 1345 mentem
1851 1284 2040 1356 venit,
2098 1282 2235 1357 quia
2278 1295 2395 1337 non
2432 1275 2734 1335 intellexit

618 1394 885 1472 „gradus
898 1436 915 1468 ,
975 1391 1048 1450 de
1086 1390 1299 1466 quibus
1338 1408 1404 1447 u:
1451 1389 1536 1447 38
1558 1407 1574 1462 3
1632 1385 1790 1462 quod
1826 1401 2043 1460 nempe
2079 1381 2240 1457 apud
2271 1376 2731 1453 unumquemvis

621 1493 997 1572 „Angelum,
1056 1499 1114 1552 et
1150 1507 1386 1566 quoque
1425 1488 1589 1564 apud
1623 1485 2082 1562 unumquemvis
2122 1483 2422 1540 hominem
2467 1480 2546 1537 sit
2584 1494 2731 1555 gra-

624 1594 783 1671 „dus
823 1594 1065 1652 intimus
1106 1598 1165 1651 et
1206 1605 1555 1667 supremus,
1600 1605 1710 1647 seu
1748 1589 2019 1646 intimum
2064 1590 2124 1644 et
2158 1599 2506 1658 supremum
2535 1577 2733 1657 quod-

620 1695 807 1772 „dam
819 1738 837 1771 ‚
886 1694 949 1751 in
985 1691 1144 1768 quod
1179 1692 1460 1750 Divinum
1496 1689 1738 1748 Domini
1772 1689 2028 1765 primum
2074 1690 2175 1745 aut
2215 1685 2487 1760 proxime
2522 1679 2731 1755 influit,

620 1802 729 1873 „ct
768 1814 843 1856 ex
879 1811 996 1871 quo
1036 1784 1296 1869 disponit
1330 1790 1562 1867 reliqua
1596 1792 1909 1861 interiora,
1950 1804 2104 1864 quae
2141 1783 2471 1844 secundum
2507 1780 2735 1858 gradus

624 1897 895 1976 „ordinis
947 1895 1109 1972 apud
1153 1895 1287 1979 illos
1326 1891 1686 1952 succedunt:
1740 1889 1854 1948 hoc
1903 1890 2171 1946 intimum
2220 1902 2332 1957 seu
2384 1899 2737 1960 supremum

626 2000 877 2077 „vocari
913 2003 1116 2074 potest
1152 1997 1429 2054 introitus
1463 1992 1705 2051 Domini
1747 1991 1824 2049 ad
1859 1988 2159 2066 Angelum
2195 1993 2254 2046 et
2299 1985 2374 2043 ad
2413 1985 2734 2058 hominem,

624 2117 743 2175 „ac
792 2098 1158 2174 ipsissimum
1207 2096 1408 2172 Ipsius
1452 2093 1811 2152 domicilium
1853 2090 2015 2167 apud
2057 2088 2224 2148 illos:
2278 2104 2391 2163 per
2430 2086 2546 2144 hoc
2591 2085 2734 2144 inti-

625 2216 830 2275 „mum
871 2201 976 2254 aut
1011 2200 1353 2271 supremum
1381 2193 1558 2252 homo
1599 2202 1690 2252 est
1716 2193 1919 2264 homo,
1975 2197 2036 2249 et
2070 2189 2454 2264 distinguitur
2481 2203 2518 2245 a
2542 2185 2738 2245 brutis

622 2293 1060 2375 „animalibuS,
1126 2312 1260 2353 nam
1315 2294 1468 2353 haec
1514 2293 1662 2351 illud
1708 2310 1828 2352 non
1874 2291 2128 2351 habent:
2195 2289 2333 2348 inde
2386 2293 2507 2363 est,
2578 2285 2739 2363 quod

624 2399 849 2476 „homo
887 2414 1065 2456 secus
1103 2414 1173 2456 ac
1210 2395 1518 2470 animalia,
1557 2397 1750 2471 possit
1778 2394 1977 2478 quoad
2003 2394 2202 2451 omnia
2237 2392 2540 2463 interiora,
2580 2403 2738 2464 quae

627 2507 813 2578 „sunt
847 2500 1061 2559 mentis
1092 2505 1152 2579 et
1186 2498 1365 2557 animi
1408 2498 1572 2577 ejuS,
1629 2496 1854 2556 elevari
1890 2513 1926 2554 a
1963 2495 2223 2554 Domino
2260 2491 2338 2550 ad
2374 2489 2480 2567 Se,
2543 2489 2741 2567 possit

633 2602 924 2679 „credere
961 2602 1023 2659 in
1051 2601 1288 2677 Ipsum,
1346 2600 1504 2660 affici
1548 2615 1749 2658 amore
1784 2600 1845 2656 in
1880 2597 2117 2675 Ipsum,
2175 2600 2236 2653 et
2270 2594 2357 2653 sic
2394 2592 2599 2652 videre
2623 2590 2737 2667 Ip-

627 2721 837 2779 „sum,
879 2709 937 2762 et
978 2701 1136 2777 quod
1165 2705 1359 2779 possit
1382 2702 1656 2778 recipere
1692 2700 2144 2777 intelligentiam
2176 2701 2238 2756 et
2263 2695 2638 2770 sapientiam,
2678 2695 2743 2749 et

633 2804 841 2881 „loqui
881 2820 955 2862 ex
1000 2805 1261 2883 ratione3
1317 2801 1454 2861 inde
1496 2818 1734 2878 quoque
1775 2783 1868 2860 est
1908 2798 2069 2877 quod
2105 2800 2275 2857 vivat
2312 2798 2371 2853 in
2408 2800 2738 2854 aeternum.

631 2902 838 2980 „Quid
868 2895 1065 2961 autem
1099 2902 1431 2979 disponitur
1473 2909 1533 2962 et
1557 2901 1907 2978 providetur
1942 2918 1978 2959 a
2012 2899 2269 2959 Domino
2304 2898 2364 2954 in
2401 2912 2472 2955 eo
2513 2896 2743 2967 intime,

624 3019 792 3079 „non
839 3003 1030 3061 influit
1070 3005 1385 3063 manifeste
1432 3005 1492 3061 in
1533 3004 1982 3079 perceptionem
2021 3000 2277 3077 alicujus
2316 2996 2564 3073 Angeli,
2600 2995 2783 3072 quia·

626 3109 768 3179 „est
806 3118 994 3179 supra
1029 3103 1159 3180 ejus
1196 3106 1652 3181 cogitationem,
1707 3109 1769 3163 et
1815 3102 2052 3162 excedit
2093 3102 2224 3178 ejus
2260 3098 2686 3175 sapientiam.“

783 3204 949 3264 436.
1020 3202 1197 3281 Quod
1229 3204 1408 3264 homo
1454 3205 1534 3264 sit
1580 3205 1825 3279 spiritus
1864 3202 2061 3280 quoad
2111 3202 2396 3261 interiora
2433 3214 2574 3268 sua,
2632 3195 2745 3256 'da-

625 3310 750 3365 tum
788 3309 883 3365 est
926 3304 1070 3364 mihi
1118 3307 1271 3365 scire
1314 3321 1424 3382 per
1465 3303 1712 3364 multam
1764 3304 2224 3379 experientiam,
2279 3316 2459 3377 quam
2506 3315 2746 3359 omnem

629 3410 682 3468 si
718 3406 1108 3481 adducerem,
1162 3406 1509 3483 implerent,
1566 3406 1723 3465 sicut
1757 3404 1999 3480 dicitur,
2055 3402 2465 3463 membranas:
2519 3399 2743 3477 loquu-

629 3515 728 3568 tus
779 3524 916 3580 sum
967 3524 1100 3568 cum
1151 3507 1456 3586 spiritibus
1508 3512 1578 3566 ιιι
1627 3508 1909 3583 spirituS,
1990 3513 2051 3564 et
2089 3503 2373 3581 loquutus
2425 3518 2558 3561 sum
2606 3517 2747 3560 cum

620 3609 743 3669 illis
783 3614 852 3668 ut
886 3608 1067 3668 homo
1120 3609 1183 3666 in
1236 3625 1484 3687 corpore
1498 3626 1516 3684 3
1598 3611 1658 3667 et
1707 3624 1842 3666 cum
1892 3605 2180 3683 loquutus
2243 3620 2378 3663 sum
2431 3619 2565 3662 cum
2621 3600 2743 3661 illis

623 3714 693 3767 ut
739 3710 1020 3785 spiritus,
1078 3727 1199 3769 non
1256 3710 1561 3770 sciverunt
1602 3707 1807 3777 aliter,
1873 3724 2048 3784 quam
2103 3704 2263 3783 quod
2309 3705 2443 3780 ipse
2492 3702 2744 3779 spiritus

622 3823 855 3884 essem,
895 3815 955 3868 et
983 3827 1221 3887 quoque
1255 3812 1318 3869 in
1350 3809 1615 3869 humana
1639 3809 1828 3869 forma
1862 3810 2019 3868 sicut
2045 3806 2156 3881 illi;
2211 3807 2298 3863 ita
2333 3807 2747 3881 apparuerunt

617 3908 907 3968 interiora
939 3901 1075 3968 n'i’ea
1111 3927 1309 3969 coram
1336 3909 1484 3983 illis,
1524 3912 1805 3986 quoniam
1847 3927 1983 3969 cum
2017 3908 2302 3983 loquutus
2339 3903 2475 3963 sum
2508 3909 2578 3968 ιιι
2609 3904 2742 3980 spi-

620 4009 800 4083 ritus,
838 4007 1147 4068 materiale
1184 4026 1381 4069 meum
1410 4015 1631 4087 corpus
1665 4025 1785 4070 non
1811 4011 2108 4088 apparuit.

778 4108 943 4168 43⁷.
1000 4106 1177 4183 Quod
1208 4107 1387 4169 homo
1431 4109 1631 4185 quoad
1665 4111 1951 4170 interiora
1996 4126 2110 4168 sua
2144 4110 2221 4170 sit
2257 4085 2539 4183 spirituS,
2594 4121 2747 4164 con-

624 4213 785 4270 stare
837 4212 1040 4288 potest
1094 4224 1170 4268 ex
1222 4225 1325 4282 eo,
1382 4208 1543 4287 quod
1595 4216 1916 4287 postquam
1951 4216 2298 4287 separatum
2344 4213 2439 4267 est
2494 4220 2741 4283 corpus,

624 4308 783 4388 quod
821 4307 886 4369 fit
937 4313 1068 4370 cum
1111 4312 1387 4387 moritur,
1454 4325 1648 4388 usque
1691 4310 1828 4371 dein
1878 4312 2040 4371 vivat
2088 4310 2267 4370 homo
2332 4310 2490 4369 sicut
2535 4308 2742 4384 prius:
