3013 5114
478 383 1187 439 REPRAESENTATIVA
1229 385 1323 438 ET
1363 386 1880 441 APPARENTIAE
1922 387 1994 440 IN
2036 385 2289 442 COELO.
2386 398 2455 449 91

333 545 619 619 cogitatio
685 549 875 616 esset,
945 545 998 601 si
1052 541 1226 602 ideae
1284 546 1603 620 temporiS,
1669 546 1882 621 spatii,
1945 553 2006 604 et
2061 546 2460 607 materialium

328 645 745 716 auferrentur,
802 659 987 719 super
1037 643 1157 702 illis
1203 646 1356 702 enim
1410 645 1694 702 fundatur
1753 648 1941 704 omnis
1984 649 2265 722 cogitatio
2304 666 2459 721 quae

328 744 559 802 homini
616 740 882 823 (mmn1):
941 744 1049 802 sed
1095 745 1278 819 sciat,
1339 745 1501 821 quod
1542 747 1932 821 cogitationes
1983 755 2209 805 tanturn
2256 749 2458 808 finitae

329 847 451 903 sint
489 851 551 903 et
589 852 1000 918 coarctentur,
1061 853 1347 921 quantum
1388 864 1462 905 ex
1512 854 1812 922 tempore,
1868 850 2092 922 spati0,
2158 856 2217 906 et
2256 857 2451 908 mate-

327 945 466 1003 riali
537 945 817 1017 trahunt,
895 953 954 1003 et
1013 953 1241 1004 tantum
1302 965 1422 1005 non
1474 947 1680 1005 finitae
1742 949 1859 1005 sint
1920 955 1981 1006 et
2041 949 2457 1019 extendantur,

329 1053 618 1121 quantum
659 1063 729 1103 ex
768 1044 888 1103 illis
924 1063 1043 1103 non
1072 1047 1342 1120 trahunt,
1396 1049 1677 1123 quoniam
1712 1055 1944 1105 tantum
1979 1065 2148 1106 mens
2186 1049 2459 1107 elevatur

327 1163 516 1222 supra
554 1163 847 1222 corporea
884 1158 943 1204 et
978 1146 1308 1204 mundana:
1364 1148 1614 1224 Angelis
1664 1150 1961 1223 sapientia
2015 1147 2152 1208 inde
2208 1157 2330 1221 est,
2398 1156 2459 1208 et

327 1247 467 1305 talis
514 1254 583 1304 ut
621 1246 853 1304 dicatur
894 1248 1542 1324 incomprehensibilis,
1608 1251 1749 1323 quia
1799 1267 1917 1308 non
1968 1249 2129 1308 cadit
2174 1251 2235 1307 in
2284 1249 2453 1307 ideas

329 1365 486 1423 quae
525 1365 687 1405 mere
727 1364 800 1403 ex
838 1347 1056 1406 talibus
1095 1352 1447 1408 consistunt.

378 1517 503 1585 De
573 1517 1432 1687 Repraesentatgvis
1503 1535 1589 1588 et
1640 1516 2248 1617 Apparentiis
2304 1519 2392 1589 in

1301 1618 1527 1689 oelo.

486 1753 646 1807 170.
722 1750 915 1808 Homo
971 1753 1070 1826 qui
1136 1770 1209 1808 ex
1271 1752 1402 1810 solo
1454 1753 1714 1810 naturali
1760 1753 1982 1811 lumine
2033 1756 2280 1828 cogitat,
2336 1771 2454 1812 non

329 1850 841 1927 comprehendere
878 1860 1100 1926 potest,
1154 1851 1310 1926 quod
1348 1852 1572 1933 aliquid
1607 1856 1666 1909 in
1706 1851 1889 1910 Coelo
1934 1854 2126 1911 simile
2168 1856 2247 1910 sit
2295 1853 2455 1928 quod

324 1955 384 2009 in
437 1951 688 2021 munde,
747 1959 809 2009 et
851 1951 964 2008 hoc
1004 1970 1077 2009 ex
1115 1967 1329 2023 causa,
1388 1955 1532 2026 quia
1569 1970 1641 2010 ex
1681 1952 1784 2010 illo
1822 1952 2043 2010 lumine
2082 1955 2454 2027 cogitaverat

328 2059 388 2110 et
425 2070 492 2110 se
533 2051 1020 2121 confirmaverat,
1069 2052 1226 2126 quod
1265 2052 1483 2128 Angeli
1521 2052 1693 2111 modo
1732 2053 1967 2110 Mentes
2011 2054 2148 2125 sint,
2196 2059 2257 2110 et
2293 2051 2452 2128 quod

326 2152 564 2211 Mentes
625 2154 745 2210 sint
808 2156 980 2227 quasi
1033 2153 1370 2211 Pneumata
1422 2153 1736 2227 aetherea,
1808 2162 1868 2211 et
1916 2153 2055 2212 inde
2114 2153 2273 2231 quod
2334 2153 2454 2211 illis

327 2271 444 2311 non
484 2255 602 2310 sint
639 2270 857 2310 sensus
909 2257 1010 2329 qui
1062 2253 1314 2324 homini,
1378 2256 1465 2312 ita
1509 2273 1618 2313 nec
1670 2255 1856 2327 oculi,
1924 2262 1984 2313 et
2038 2257 2090 2312 si
2141 2273 2257 2312 non
2295 2254 2455 2311 oculi

326 2353 488 2431 quod
543 2370 654 2410 nec
711 2353 982 2431 objecta,
1044 2372 1177 2411 cum
1233 2362 1434 2413 tamen
1485 2349 1734 2430 Angelis
1782 2364 1922 2419 sunt
1976 2373 2180 2413 omnes
2236 2370 2453 2412 sensus

327 2459 428 2531 qui
492 2455 748 2527 homini,
821 2456 939 2512 imo
989 2454 1176 2511 multo
1241 2456 1694 2529 exquisitiores3
1768 2457 1944 2512 etiam
1999 2454 2134 2524 lux,
2198 2472 2272 2511 ex
2336 2470 2455 2527 qua

323 2556 564 2626 vident,
630 2562 724 2614 est
765 2556 948 2613 multo
985 2555 1272 2613 illustrior
1312 2554 1448 2613 luce
1487 2573 1562 2612 ex
1617 2573 1737 2632 qua
1783 2554 1958 2613 homo
2008 2553 2192 2614 videt.
2276 2552 2453 2628 Quod

322 2657 546 2734 Angeli
585 2659 704 2714 sint
738 2657 1008 2714 homines
1057 2658 1118 2713 in
1169 2655 1616 2730 perfectissima
1664 2656 1883 2728 forma,
1943 2662 2002 2714 et
2053 2657 2213 2713 omni
2266 2646 2448 2712 sensu

322 2759 656 2835 gaudeant,
731 2756 1006 2815 videatur
1057 2773 1245 2832 supra
1295 2774 1364 2815 n:
1430 2757 1516 2814 73
1573 2755 1649 2814 ad
1703 2762 1823 2831 773
1894 2762 1955 2813 et
2007 2756 2166 2832 quod
2206 2755 2341 2813 Lux
2394 2756 2455 2811 in

330 2858 515 2918 Coelo
555 2859 635 2915 sit
671 2857 858 2915 multo
888 2857 1177 2915 illustrior
1211 2855 1346 2915 luce
1396 2858 1457 2913 in
1508 2856 1758 2930 mundo,
1801 2876 1879 2914 n:
1937 2860 2072 2917 126
2117 2857 2194 2914 ad
2239 2857 2398 2914 132.

494 2963 521 3015 1
545 2964 574 3015 7
600 2963 653 3016 1.
721 2957 942 3034 Qualia
974 2957 1082 3015 illa
1119 2974 1275 3033 quae
1312 2965 1612 3032 apparent
1647 2958 1894 3033 Angelis
1945 2959 2004 3015 in
2042 2958 2270 3030 CoeliS,
2335 2974 2452 3015 non

321 3062 535 3135 paucis
591 3058 850 3117 describi
898 3065 1130 3133 potest,
1203 3063 1345 3114 sunt
1397 3058 1596 3134 quoad
1643 3059 1888 3116 multam
1946 3067 2179 3134 partem
2234 3057 2453 3115 similia

320 3159 439 3218 illis
497 3177 650 3234 quae
710 3161 770 3216 in
840 3157 1116 3228 Tellure,
1184 3157 1292 3215 sed
1357 3159 1558 3234 quoad
1618 3159 1867 3217 formam
1928 3161 2319 3235 perfectiora,
2393 3163 2453 3214 et

322 3261 521 3342 quoad
574 3262 808 3336 copiam
866 3259 1063 3334 plura.
1164 3257 1342 3333 Quod
1386 3261 1446 3316 in
1497 3259 1697 3318 Coelis
1760 3260 1906 3318 talia
1967 3263 2116 3332 sint,
2173 3265 2448 3317 constare

238 3357 245 3374 ’
316 3369 523 3437 potest
562 3377 636 3418 ex
676 3359 793 3418 illis
837 3377 992 3434 quae
1043 3361 1179 3418 visa
1231 3366 1371 3416 sunt
1421 3360 1775 3434 ProphetiS,
1832 3367 1899 3418 ut
1948 3376 2101 3436 quae
2143 3356 2450 3416 Ezechieli

320 3461 394 3520 de
454 3462 626 3520 Novo
687 3460 940 3535 Templo
1011 3465 1071 3518 et
1136 3459 1209 3517 de
1268 3458 1441 3518 Nova
1513 3460 1737 3537 Terra,
1814 3476 1969 3535 quae
2029 3457 2453 3516 describuntur

318 3580 355 3619 a
409 3561 573 3637 Cap:
651 3561 765 3619 XL
819 3560 896 3618 ad
946 3559 1245 3634 XLVIII3
1334 3577 1487 3635 quae
1559 3559 1801 3617 Danieli
1853 3577 1891 3617 a
1958 3557 2115 3634 Cap:
2188 3555 2307 3616 VH
2371 3556 2449 3614 ad

316 3661 474 3736 XII3
532 3679 686 3737 quae
725 3660 992 3720 Johanni
1042 3677 1078 3717 a
1128 3659 1343 3735 Capite
1385 3660 1584 3718 Primo
1636 3660 1713 3716 ad
1760 3658 2048 3719 Ultimum
2099 3658 2452 3733 invApoca-

316 3762 478 3839 lypsi
493 3782 508 3837 3
581 3769 641 3821 et
702 3778 858 3837 quae
923 3759 1088 3834 aliis,
1171 3761 1244 3818 de
1300 3759 1518 3834 quibus
1580 3766 1703 3816 tam
1777 3761 1836 3816 in
1903 3760 2225 3818 Historicis
2272 3775 2451 3834 quam

313 3865 375 3919 in
428 3862 804 3937 Propheticis
868 3860 1090 3920 Verbi:
1158 3860 1304 3918 talia
1350 3859 1470 3917 illis
1542 3861 1673 3918 visa
1729 3867 1901 3930 sunt,
1980 3877 2116 3919 cum
2174 3865 2449 3936 apertum

316 3962 435 4021 illis
500 3969 631 4021 erat
697 3962 978 4037 Coelum,
1070 3967 1131 4020 et
1197 3959 1446 4028 Coelum
1523 3962 1745 4037 aperiri
1821 3961 2066 4037 dicitur,
2153 3978 2289 4021 cum
2350 3961 2444 4017 in·

484 4202 717 4267 (mmm)
764 4201 930 4267 Quod
973 4203 1147 4254 homo
1190 4201 1408 4274 absque
1454 4201 1582 4255 idea
1624 4203 1904 4272 temporis
1938 4219 2053 4254 non
2092 4200 2326 4271 cogitet,
2373 4214 2454 4251 se·

319 4297 417 4333 cus
466 4296 636 4352 quam
679 4278 909 4352 Angeli,
951 4295 1019 4330 n:
1065 4285 1233 4339 3404.
