3013 5114
592 440 702 493 ‘214
1209 428 1300 480 DE
1348 426 1596 481 COELO
1639 425 1732 479 ΕΤ
1772 422 2110 479 INFERNO.

599 606 756 665 usu,
820 587 1097 649 sordibus
1153 585 1660 665 correspondent3
1733 584 1944 643 sordes
1998 581 2343 659 spirituales
2391 597 2510 640 non
2572 581 2728 640 aliae

591 696 748 750 sun&

754 791 915 850 364.
1008 789 1321 866 Pauper-es
1388 803 1509 846 non
1569 789 1630 845 in
1688 783 1942 845 Coelum
1978 788 2252 885 *propter
2300 789 2724 860 paupertatem

598 892 883 965 veniunt,
933 888 1044 949 sed
1070 896 1321 966 propter
1355 890 1572 956 vitam;
1610 888 2068 962 unumquemvis
2105 886 2229 942 vita
2265 884 2397 961 ejus
2433 884 2721 959 sequitur,

467 1029 488 1049 .
591 995 722 1053 sive
772 991 942 1053 dives
983 992 1064 1048 sit
1115 990 1244 1053 sive
1294 1005 1559 1065 pauper3
1613 1003 1730 1045 non
1789 992 1883 1044 est
1937 985 2260 1062 peculiaris
2313 984 2727 1044 Misericordia

594 1109 705 1170 pro
748 1108 866 1150 uno
909 1091 1098 1167 magis
1128 1107 1307 1167 quam
1344 1106 1455 1165 pro
1493 1087 1684 1147 altero
1715 1082 1840 1168 (g);
1891 1087 2180 1164 recipitur
2224 1087 2327 1162 qui
2364 1084 2518 1144 bene
2557 1086 2721 1157 vixit,

594 1200 656 1253 et
692 1192 960 1269 rejicitur
997 1192 1100 1268 qui
1135 1191 1311 1249 male.
1400 1190 1731 1249 Praeterea
1767 1193 2098 1264 paupertas
2149 1203 2344 1262 aeque
2382 1185 2623 1245 seducit
2664 1193 2725 1245 et

592 1292 891 1352 abstrahit
928 1291 1228 1351 hominem
1277 1308 1313 1348 a
1353 1289 1553 1364 coelo,
1602 1291 1759 1347 sicut
1808 1287 2153 1363 opulentia3
2208 1293 2348 1345 sunt
2396 1288 2550 1345 inter
2585 1286 2721 1344 illos

592 1394 913 1471 perplures
956 1394 1058 1469 qui
1098 1408 1210 1450 sua
1241 1396 1403 1449 sorte
1444 1407 1564 1448 non
1599 1384 1863 1448 cont'enti
1897 1393 2065 1457 sunt,
2120 1389 2220 1462 qui
2258 1386 2526 1445 ambiunt
2560 1386 2717 1444 mul-

591 1502 684 1565 ta,
739 1498 800 1553 et
834 1492 1084 1553 eredunt
1122 1507 1269 1568 opes
1317 1490 1769 1550 benedictiones
1822 1505 1956 1547 esse
1989 1484 2113 1569 (h),
2170 1496 2537 1564 quapropter
2582 1504 2719 1546 cum

589 1593 727 1653 illas
782 1610 904 1653 non
961 1594 1288 1669 recipiunt,
1355 1592 1726 1660 irascuntur,
1801 1595 1862 1648 et
1923 1588 1997 1648 de
2056 1588 2446 1648 Providentia
2499 1588 2724 1646 Divina

591 1694 752 1754 male
796 1696 1091 1769 cogitant3
1128 1691 1394 1750 invident
1425 1693 1603 1751 etiam
1640 1689 1773 1748 aliis
1810 1706 1924 1750 sua
1957 1689 2116 1748 bona
2128 1710 2145 1765 3
2182 1695 2501 1765 praeterea
2539 1690 2719 1747 etiam

589 1794 678 1856 illi
731 1811 925 1872 aeque
981 1791 1340 1852 defraudant
1386 1790 1538 1850 alios
1594 1807 1728 1849 cum
1785 1790 1960 1849 datur
2017 1790 2283 1864 occasio,
2366 1796 2424 1849 et
2479 1805 2720 1866 quoque

598 1912 792 1972 aeque
827 1897 890 1954 in
926 1893 1183 1953 sordidis
1224 1890 1635 1969 voluptatibus
1676 1894 1900 1950 vivunt.
1983 1891 2176 1949 Aliter
2211 1906 2356 1949 vero
2392 1906 2714 1966 pauperes,

594 1998 698 2073 qui
737 2012 851 2055 sua
885 2001 1047 2053 sorte
1084 1996 1347 2052 contenti
1374 2000 1533 2066 sunt,
1576 1995 1638 2050 in
1674 2009 1783 2052 suo
1822 2008 2005 2067 opere
2041 1991 2234 2049 seduli
2275 1998 2334 2050 et
2375 1990 2714 2066 diligentes,

592 2113 665 2155 ac
708 2102 911 2154 amant
946 2094 1214 2152 laborem
1251 2110 1397 2169 prae
1442 2095 1597 2166 otio,
1656 2099 1717 2152 et
1760 2093 1992 2151 sincere
2032 2098 2090 2150 et
2125 2091 2382 2151 fideliter
2418 2097 2621 2167 agunt,
2657 2098 2719 2148 et

589 2195 771 2254 simul
826 2199 968 2252 tunc
1020 2192 1420 2253 Christianam
1473 2194 1658 2251 vitam
1711 2194 1938 2252 vivunt.
2034 2187 2372 2268 Aliquoties
2431 2190 2716 2267 loquutus

590 2310 725 2354 sum
765 2310 902 2353 cum
939 2292 1092 2368 illis,
1149 2295 1253 2370 qui
1289 2311 1363 2352 ex
1398 2294 1626 2351 rustica
1667 2298 1844 2369 gente
1892 2299 1952 2351 et
2001 2308 2078 2351 ex
2130 2291 2309 2369 plebe
2348 2298 2548 2365 erant,
2615 2293 2719 2368 qui

589 2394 731 2454 dum
765 2396 1045 2453 vixerunt
1071 2395 1131 2452 in
1167 2393 1419 2467 mund0,
1478 2376 1861 2452 crediderunt
1900 2394 1959 2450 in
1998 2391 2227 2467 Deum,
2285 2411 2356 2453 ac
2383 2394 2616 2471 justum
2656 2399 2718 2450 et

586 2503 819 2556 rectum
854 2497 914 2554 iu
953 2495 1081 2554 suis
1119 2495 1403 2573 operibus
1439 2494 1712 2553 iecerunt
1725 2513 1741 2568 3
1796 2494 1885 2553 illi
1920 2495 2061 2571 quia
2098 2501 2268 2552 erant
2303 2496 2364 2553 in
2401 2493 2715 2553 affectione

586 2596 823 2658 sciendi
857 2614 1099 2670 verum,
1157 2596 1530 2674 quaerebant
1566 2596 1708 2672 quid
1746 2594 2019 2654 Charitas
2059 2602 2118 2652 et
2156 2583 2297 2671 quid
2332 2596 2532 2669 Fides,
2574 2596 2716 2670 quia

584 2699 648 2756 in
703 2697 922 2756 mundo
976 2697 1163 2756 multa
1225 2697 1297 2756 de
1351 2696 1467 2756 fide
1518 2695 1905 2771 audiverunt,
1972 2698 2035 2754 in
2080 2695 2273 2755 altera
2324 2698 2447 2754 vit-a
2508 2701 2710 2754 autem

583 2795 776 2856 multa
814 2796 888 2856 de
927 2796 1250 2856 charitate:
1309 2813 1494 2873 quare
1537 2795 1657 2854 illis
1694 2796 1916 2855 dictum
1950 2802 2072 2869 est,
2130 2796 2288 2872 quod
2330 2795 2606 2854 Charitas
2635 2797 2721 2853 sit

589 2913 763 2955 omne
799 2895 860 2954 id
899 2894 1058 2970 quod
1097 2904 1189 2954 est
1226 2897 1419 2969 vitae,
1479 2902 1540 2953 et
1592 2895 1772 2954 Fides
1823 2914 1995 2955 omne
2045 2895 2103 2953 id
2156 2896 2314 2972 quod
2356 2904 2446 2955 est
2484 2896 2708 2956 doctri-

585 3011 734 3070 nae;
815 2994 1068 3071 proinde
1124 2995 1282 3072 quod
1338 2995 1601 3054 charitas
1660 2998 1738 3054 sit
1791 2996 1950 3056 velle
2006 3003 2065 3055 et
2114 2996 2315 3056 facere
2366 2998 2599 3073 justum
2655 3002 2716 3054 et

582 3100 819 3153 rectum
865 3094 926 3152 in
978 3097 1138 3152 omni
1175 3111 1391 3171 opere,
1443 3095 1595 3153 fides
1632 3103 1832 3155 autem
1888 3099 2149 3173 cogitare
2185 3097 2355 3174 juste
2405 3104 2465 3156 et
2511 3104 2710 3170 recte;

585 3200 648 3253 et
689 3192 850 3269 quod
893 3192 1043 3253 fides
1082 3202 1144 3253 et
1179 3193 1438 3253 charitas
1479 3210 1552 3254 se
1591 3197 1954 3273 conjungant
1989 3198 2143 3255 sieut
2185 3196 2453 3256 doctrina
2492 3205 2551 3255 et
2586 3199 2712 3254 vita

582 3293 915 3353 secundum
963 3293 1157 3369 illam,
1228 3311 1340 3353 seu
1399 3297 1557 3353 sicut
1608 3298 1890 3371 cogitatio
1950 3305 2011 3355 et
2066 3294 2373 3373 voluntas3
2448 3305 2507 3356 et
2552 3296 2713 3373 quod

467 3389 474 3396 ’
580 3394 732 3455 fides
770 3393 876 3454 fiat
915 3395 1205 3470 charitaS,
1260 3395 1495 3472 quando
1535 3395 1595 3455 id
1635 3396 1794 3480 quod
1827 3396 2006 3455 homo
2037 3397 2205 3473 juste
2244 3404 2304 3456 et
2338 3404 2501 3457 recte
2539 3399 2709 3474 eogi-

741 3628 829 3697 (g)
928 3625 1043 3680 uod
1083 3627 1492 3681 misericordia
1536 3625 1861 3681 immediata
1900 3644 2019 3680 non
2056 3627 2256 3691 detur,
2301 3628 2399 3682 sed
2442 3627 2708 3691 mediata,

581 3703 695 3756 hoc
743 3712 831 3755 est
874 3702 990 3754 ilis
1036 3703 1136 3775 qui
1184 3703 1392 3757 vivunt
1439 3702 1755 3757 secundum
1796 3713 2105 3775 praecepta
2147 3703 2414 3766 Domini,
2459 3720 2606 3775 quos
2640 3721 2709 3757 ex

580 3776 991 3830 Misericordia
1029 3776 1190 3831 ducit
1234 3778 1510 3831 continue
1555 3779 1613 3832 in
1656 3778 1892 3842 mundo,
1936 3796 2000 3832 ac
2043 3789 2242 3850 postea
2286 3780 2342 3832 in
2386 3789 2708 3843 aeternum,

583 3864 657 3904 ¹¹2
700 3859 869 3912 8700.
901 3858 1106 3912 10659.

739 3929 829 3992 (h)
870 3926 1044 4004 Quod
1084 3923 1391 3998 dignitates
1426 3940 1482 3981 et
1524 3946 1668 4000 opes
1710 3947 1827 3983 non
1879 3929 1993 3983 sint
2028 3930 2212 3983 reales
2246 3929 2707 3993 henedictiones,

581 4011 945 4074 quapropter
986 4002 1120 4054 illae
1158 4010 1271 4053 tam
1305 4013 1438 4055 sunt
1476 4005 1640 4057 malis
1679 4022 1849 4077 quam
1890 4004 2095 4069 bonis,
2152 4022 2222 4059 n:
2275 4013 2444 4066 8939.
2497 4012 2705 4065 10775.

582 4083 792 4137 10776.
886 4073 1051 4140 Quod
1093 4075 1268 4129 realis
1315 4074 1655 4131 benedictio
1707 4081 1779 4132 sit
1826 4080 2089 4151 receptio
2131 4082 2347 4134 amoris
2391 4090 2449 4133 et
2494 4080 2626 4133 fidei
2675 4099 2706 4133 a

580 4150 866 4215 Domino,
923 4162 980 4204 et
1022 4167 1129 4221 per
1170 4150 1229 4202 id
1269 4152 1640 4218 conjunctio,
1696 4172 1824 4207 nam
1868 4154 2004 4208 inde
2045 4155 2293 4209 felicitas
2334 4167 2587 4218 aeterna,
2632 4171 2705 4208 n:

583 4233 751 4289 1420·
810 4235 978 4288 1422.
1032 4233 1198 4287 2846·
1256 4234 1428 4285 3017.
1475 4236 1645 4289 3406.
1700 4238 1867 4291 3504·
1912 4239 2077 4292 3514.
2118 4240 2287 4293 3530.
2320 4239 2488 4291 3565.
2534 4237 2704 4291 3584.
2770 4223 2799 4236 “

581 4311 751 4368 4216.
794 4311 963 4369 4981.
1002 4310 1167 4366 8939.
1216 4309 1421 4367 10495.
