3013 5114
356 416 533 501 QUID
553 413 742 468 IGNIS
766 413 1223 483 INFERNALIS,
1267 415 1360 470 ET
1389 417 1564 496 QUID
1594 417 1902 474 STRIDOR
1939 380 2290 482 [ὶΕΝΤΠῙΜ.ν
2367 434 2473 486 353

354 576 607 636 malain
655 575 759 635 illo
804 578 1112 636 recondita
1146 584 1300 636 sunt.
1397 578 1586 639 Amor
1632 580 1836 639 mundi
1887 589 1980 640 est
2029 581 2186 641 velle
2224 583 2477 643 aliorum

356 694 508 755 opes
540 677 619 736 ad
655 693 721 736 se
763 676 1037 738 derivare
1075 695 1432 757 quacunque
1469 686 1628 755 arte,
1668 683 1823 740 acin
1851 681 2072 740 divitiis
2101 699 2204 742 eor
2228 701 2475 760 ponere,

354 797 426 838 ae
461 780 591 855 pati
624 783 693 837 ut
726 777 984 836 mundus
1021 779 1291 838 retrahat
1327 785 1388 839 et
1423 780 1685 839 abducat
1726 781 1893 840 illum
1943 782 2018 840 ab
2056 800 2256 842 amore
2293 787 2474 861 spiri-

352 879 535 953 tuali,
574 880 678 954 qui
714 883 808 937 est
842 896 1010 937 amor
1044 897 1193 956 erga
1228 881 1595 956 proximum,
1645 883 1729 940 ita
1768 899 1803 940 a
1845 881 2029 941 Coelo
2068 890 2127 941 et
2163 901 2200 940 a
2233 883 2471 943 Divino,

354 978 481 1039 Sed
518 978 704 1038 Amor
752 978 850 1039 hic
900 985 994 1039 est
1042 979 1356 1056 multiplex
1372 1001 1389 1056 3
1445 987 1539 1040 est
1582 999 1749 1040 amor
1796 999 1976 1058 opum
2026 988 2094 1041 ut
2144 983 2475 1043 evehantur

350 1079 431 1138 ad
464 1078 755 1153 honoreS,
814 1097 963 1156 quos
1001 1080 1194 1139 solum
1238 1088 1466 1157 amant3
1522 1089 1615 1141 est
1649 1099 1814 1151 amor
1847 1083 2136 1141 honorum
2175 1089 2235 1142 et
2270 1082 2473 1161 digni-

349 1187 540 1239 tatum
579 1186 645 1239 ut
678 1180 985 1252 lucrentur
1021 1198 1199 1258 opes3
1257 1189 1350 1240 est
1385 1199 1552 1241 amor
1587 1199 1767 1258 opum
1802 1190 2050 1260 propter
2087 1185 2287 1242 varios
2324 1197 2472 1243 usus

345 1281 566 1358 quibus
620 1279 990 1340 delectantur
1024 1283 1085 1339 in
1120 1282 1340 1340 mundo
1355 1303 1371 1358 3
1436 1289 1533 1342 est
1576 1300 1743 1341 amor
1789 1301 1967 1359 opum
2013 1290 2261 1359 propter
2309 1285 2473 1343 solas

346 1398 516 1458 opeS,
555 1381 694 1440 talis
733 1399 899 1440 amor
935 1389 1028 1441 est
1069 1385 1300 1458 avaris3
1357 1389 1418 1442 et
1453 1386 1540 1442 sic
1575 1401 1789 1460 porro:
1844 1383 1976 1442 finis
2019 1389 2269 1460 propter
2296 1396 2502 1460 quem*

347 1499 530 1558 opes,
566 1489 818 1541 vocatur
850 1499 1034 1556 usus,
1075 1499 1145 1542 ac
1179 1483 1319 1542 finis
1351 1490 1470 1553 est,
1506 1499 1619 1543 seu
1655 1501 1831 1560 usuS‚
1872 1502 1909 1543 a
1944 1501 2061 1561 quo
2100 1501 2266 1543 amor
2291 1502 2484 1544 suum

346 1581 528 1657 quale
555 1582 763 1658 habet3
804 1600 940 1641 nam
968 1583 1104 1642 talis
1135 1590 1228 1642 est
1257 1601 1440 1658 amor,
1481 1585 1679 1668 qualis
1711 1591 1806 1644 est
1831 1584 1965 1644 finis
1992 1591 2243 1664 propter
2270 1602 2467 1663 quem,

346 1682 580 1758 reliqua
617 1685 770 1742 enim
808 1685 864 1743 ei
898 1684 1170 1743 serviunt
1204 1690 1270 1743 ut
1305 1683 1519 1742 media.

424 1851 658 1948 Quid
704 1853 957 1948 Ignis
1012 1850 1547 1938 infernaliS,
1605 1869 1687 1939 e‚t
1742 1852 1964 1948 quid
2020 1853 2385 1923 Stridor

1192 1952 1606 2023 dentium.
1693 2010 1697 2014 ,

504 2088 667 2146 566.
725 2085 883 2162 Quid
918 2086 1083 2164 Ignis
1133 2093 1445 2161 aeternuS,
1503 2104 1574 2146 ac
1626 2085 1858 2146 Stridor
1903 2085 2198 2160 dentium,
2256 2089 2358 2161 qui
2408 2088 2470 2145 in

248 2252 249 2255 Ἴ
346 2186 552 2246 Vei-bo
603 2185 879 2246 dicuntur
920 2186 994 2247 de
1042 2187 1161 2246 illis
1214 2189 1317 2264 qui
1361 2189 1421 2246 in
1467 2186 1707 2248 Inserno
1752 2193 1921 2260 sunt,
1992 2189 2088 2244 vix
2126 2186 2232 2246 ulli
2273 2187 2470 2246 adhuc

341 2294 547 2346 notum
574 2294 699 2363 est,
753 2306 829 2347 ex
869 2305 1083 2362 eausa,
1137 2292 1279 2364 quia
1315 2288 1388 2347 de
1425 2289 1543 2348 illis
1583 2306 1737 2364 quae
1783 2289 1843 2344 in
1879 2287 2081 2346 Verbo
2117 2294 2285 2363 sunt,
2337 2306 2468 2346 ma-

343 2386 633 2445 terialiter
667 2390 1111 2464 cogitaverunt,
1168 2406 1285 2446 non
1320 2391 1581 2446 scientes
1620 2388 1754 2462 ejus
1790 2403 2033 2445 sensum
2072 2388 2466 2460 spiritualem,

344 2493 714 2562 quapropter
764 2502 874 2563 per
920 2486 1128 2562 Ignem
1178 2485 1604 2544 intellexerunt
1658 2484 1896 2560 quidam
1944 2487 2141 2561 ignem
2185 2487 2468 2544 materia·

341 2586 496 2656 lem,
549 2586 791 2662 quidam
826 2588 886 2643 in
921 2603 1143 2661 genere
1170 2588 1534 2656 cruciatum,
1589 2585 1830 2662 quidam
1868 2587 2270 2645 eonscientiae
2306 2603 2469 2643 mor-

341 2704 511 2760 sum,
570 2685 809 2763 quidam
846 2686 1022 2745 modo
1062 2687 1148 2743 ita
1192 2686 1416 2744 dietum
1462 2686 1540 2744 ad
1585 2684 1989 2744 incutiendum
2032 2690 2322 2744 terrorem
2357 2702 2468 2760 pro

341 2787 546 2847 malis:
601 2804 672 2845 ac
718 2804 829 2863 per
863 2785 1179 2846 stridorem
1216 2786 1480 2845 dentium
1531 2785 1959 2845 intellexerunt
2008 2785 2249 2861 quidam
2284 2786 2470 2845 talem

343 2888 692 2963 stridorem,
750 2886 991 2963 quidam
1026 2887 1201 2946 modo
1237 2886 1574 2962 horrorem,
1632 2885 1828 2962 qualis
1866 2891 1959 2944 est
1994 2902 2129 2945 eum
2167 2885 2304 2946 talis
2333 2885 2463 2945 col-

340 2988 475 3047 lisio
529 2989 793 3047 dentium
848 2987 1105 3047 auditur.
1216 2986 1337 3047 Sed
1393 2989 1493 3063 qui
1547 2986 1922 3063 spiritualem
1976 3002 2219 3045 sensum
2277 2985 2469 3045 Verbi

338 3091 536 3164 novit,
592 3091 644 3148 is
698 3091 854 3148 scire
904 3095 1107 3163 potest
1158 3088 1298 3165 quid
1332 3087 1497 3165 Ignis
1555 3094 1868 3162 aeternus,
1939 3093 1999 3145 et
2045 3086 2187 3162 quid
2217 3086 2478 3173 stridor*

337 3188 636 3264 dentium,
702 3207 838 3247 nam
887 3191 1077 3248 cuivis
1112 3191 1275 3263 voci,
1333 3195 1393 3248 et
1435 3191 1623 3247 cuivis
1672 3204 1886 3245 vocum
1922 3190 2131 3247 sensui
2162 3190 2223 3246 in
2258 3186 2465 3248 Verbo

337 3291 670 3366 spiritualis
723 3306 942 3349 sensus
998 3290 1187 3364 inest,
1247 3291 1527 3365 quoniam
1578 3287 1848 3349 Verbum
1902 3289 1962 3344 in
2017 3303 2126 3345 suo
2180 3288 2315 3344 sinu
2371 3291 2466 3344 est

336 3392 679 3466 spirituale,
720 3408 790 3449 ac
826 3390 1139 3466 spirituale
1171 3407 1371 3449 eoram
1407 3389 1646 3448 homine
1674 3405 1793 3445 non
1834 3391 2036 3461 potest
2072 3385 2246 3444 aliter
2282 3402 2464 3460 quam

336 3490 692 3549 naturaliter
729 3491 1011 3566 exprimi,
1074 3493 1216 3567 quia
1249 3491 1426 3548 homo
1460 3491 1524 3547 in
1558 3486 1817 3545 naturali
1850 3484 2069 3544 mundo
2107 3491 2228 3560 est,
2287 3490 2346 3543 et
2386 3501 2462 3543 ex

332 3588 483 3663 illis,
524 3607 679 3665 quae
722 3589 836 3664 ibi,
891 3591 1130 3665 cogitat.
1204 3587 1364 3665 Quid
1401 3590 1609 3663 itaque
1644 3586 1809 3663 Ignis
1855 3591 2171 3659 aeterum,
2211 3590 2271 3643 et
2308 3583 2463 3644 Stri-

331 3689 443 3748 dor
479 3689 776 3759 dentium,
826 3690 888 3746 in
924 3705 1075 3764 quos
1110 3687 1382 3747 homines
1431 3686 1576 3745 mali
1616 3687 1816 3763 quoad
1858 3702 2001 3745 suos
2039 3686 2283 3762 spiritus
2319 3690 2460 3762 post

330 3795 586 3849 mortem
628 3790 903 3861 veniunt,
967 3804 1080 3847 seu
1128 3804 1278 3864 quos
1327 3805 1533 3847 eorum
1570 3788 1853 3863 spiritus,
1912 3787 2009 3862 qui
2047 3791 2187 3845 tune
2224 3786 2283 3843 in
2320 3787 2458 3862 spi·-

328 3891 532 3949 rituali
567 3889 786 3950 mundo
833 3894 999 3958 sunt,
1049 3890 1393 3965 patiuntur,
1442 3890 1504 3946 in
1552 3902 1711 3945 nunc
1750 3886 2139 3963 sequentibus
2193 3885 2452 3945 dicetur.

490 3991 650 4050 567.
708 3989 861 4049 Sunt
906 3988 1083 4049 binae
1133 3990 1392 4064 origines
1440 3987 1700 4061 CaloriS,
1767 4004 1891 4044 una
1936 4004 2012 4045 ex
2065 3985 2207 4045 Sole
2261 3984 2451 4058 Coeli,

332 4091 434 4165 qui
470 4095 563 4148 est
598 4091 926 4163 DominuS,
969 4095 1027 4149 et
1063 4089 1257 4148 altera
1295 4105 1369 4147 ex
1400 4087 1541 4147 Sole
1578 4087 1811 4165 mundi3
1853 4086 2032 4146 Calor
2070 4088 2173 4162 qui
2210 4103 2285 4145 ex
2314 4083 2458 4143 Sole

331 4188 503 4248 Coeli
540 4206 650 4248 seu
685 4191 974 4261 Domino,
1021 4163 1124 4249 est
1161 4188 1342 4249 Calor
1379 4189 1747 4265 spiritualis,
1807 4189 1908 4264 qui
1943 4190 2003 4245 in
2042 4202 2157 4245 sua
2192 4185 2459 4243 essentia

328 4295 422 4348 est
460 4307 659 4366 amor,
713 4290 988 4350 videatur
1036 4306 1222 4366 supra
1276 4308 1346 4348 n:
1408 4292 1545 4349 126
1587 4288 1667 4347 ad
1711 4289 1885 4363 1403
1956 4285 2136 4347 Calor
2181 4299 2325 4343 vero
2382 4298 2459 4342 ex
2545 4319 2550 4325 ⁴

429 4398 854 4452 Swedeuborg,
891 4400 958 4439 De
992 4399 1133 4440 Coelo
1165 4405 1209 4438 et
1243 4398 1447 4455 ljferno.
2031 4385 2115 4441 23
