3013 5114
656 448 767 499 370
1264 435 1359 490 DE
1400 435 1637 491 COELO
1678 434 1772 489 ET
1810 433 2142 489 INFERNO.

653 600 873 658 bonum
917 604 978 655 et
1024 594 1274 669 malurn,
1332 602 1426 653 est
1462 598 1605 671 quia
1653 613 1828 655 omne
1878 598 2036 655 vitae
2071 595 2329 654 hominis
2370 611 2438 654 se
2474 595 2662 654 refert
2699 597 2780 656 ad

652 701 874 760 bonum
915 705 976 757 et
1011 697 1087 754 ad
1128 696 1383 767 malum,
1420 713 1492 755 ac
1532 697 1806 756 voluntas
1844 703 1938 756 est
1971 695 2458 774 receptaculum:
2495 703 2590 756 est
2617 714 2777 773 quo-

655 819 772 877 que
821 797 1241 875 aequilibrium
1278 799 1435 856 inter
1478 815 1692 857 verum
1740 804 1803 857 et
1848 797 2098 873 falsum3
2153 797 2269 857 sed
2311 796 2428 856 hoc
2475 797 2785 875 dependet
2825 861 2838 872 ,

653 900 734 959 ab
768 898 1122 977 aequilibrio
1156 899 1313 957 inter
1346 898 1568 957 bonum
1610 905 1671 958 et
1708 898 1965 957 malum:
2019 898 2441 975 aequilibrium
2475 901 2633 958 inter
2667 916 2780 960 ve-

652 1020 785 1060 rum
826 1009 887 1060 et
921 1000 1142 1060 falsum
1181 1005 1275 1059 est
1318 1001 1478 1058 sicut
1529 1002 1682 1058 inter
1721 1000 1919 1059 lucem
1966 1005 2027 1058 et
2071 1000 2375 1074 umbram,
2431 1017 2587 1076 quae
2643 1006 2782 1058 tan-

653 1110 779 1160 tum
816 1107 1142 1179 operantur
1175 1103 1237 1159 in
1271 1099 1546 1177 subjecta
1579 1099 1774 1178 Regni
1809 1099 2185 1176 vegetabiliS,
2225 1106 2514 1177 quantum
2548 1103 2612 1159 in
2640 1099 2782 1161 luce

657 1210 717 1262 et
752 1204 965 1262 umbra
1001 1209 1094 1262 est
1137 1201 1301 1260 calor
1341 1210 1399 1260 et
1434 1201 1649 1277 frigus3
1707 1201 1867 1278 quod
1911 1201 2015 1259 lux
2058 1208 2117 1259 et
2155 1202 2370 1260 umbra
2418 1219 2489 1261 ex
2524 1219 2592 1260 se
2630 1200 2786 1260 nihil

657 1311 1001 1382 operentur,
1052 1302 1162 1363 sed
1199 1302 1359 1380 quod
1396 1302 1560 1360 calor
1585 1320 1697 1378 per
1729 1302 1900 1373 illaS,
1935 1310 2212 1364 constare
2247 1308 2452 1378 potest
2486 1319 2561 1362 ex
2595 1302 2785 1361 simili

655 1406 791 1464 luce
826 1411 891 1465 et
924 1404 1137 1463 umbra
1164 1409 1432 1480 tempore
1468 1403 1701 1479 hyemis
1738 1409 1804 1462 et
1838 1411 2107 1480 tempore
2135 1405 2312 1462 veriS.
2395 1402 2782 1479 Comparatio

655 1509 788 1564 veri
817 1512 877 1564 ct
916 1506 1052 1564 salsi
1088 1521 1224 1564 cum
1260 1505 1396 1563 luce
1434 1509 1495 1562 et
1529 1504 1742 1563 umbra
1778 1512 1872 1563 est
1913 1521 1989 1563 ex
2026 1504 2583 1581 correspondentia,
2643 1521 2784 1563 nam

653 1623 862 1664 verum
899 1605 1329 1682 correspondet
1360 1604 1511 1677 luci,
1547 1604 1765 1663 salsum
1802 1605 2078 1680 umbrae,
2120 1612 2180 1664 et
2215 1604 2382 1664 calor
2411 1605 2573 1664 bono
2601 1623 2778 1664 amo-

652 1708 766 1781 ris,
824 1711 886 1765 et
920 1723 1159 1782 quoque
1193 1705 1329 1764 Lux
1379 1706 1712 1782 spiritualis
1761 1713 1854 1777 est
1887 1706 2147 1780 Verum,
2201 1705 2430 1766 Umbra
2463 1706 2780 1783 spritualis

656 1816 751 1866 est
791 1807 1039 1882 salsum,
1097 1824 1169 1866 ac
1219 1805 1396 1866 Calor
1446 1807 1780 1883 spiritualis
1826 1812 1919 1867 est
1968 1807 2189 1866 bonum
2239 1809 2492 1882 amoris;
2546 1807 2623 1867 de
2664 1823 2785 1884 qua
2838 1801 2844 1805 ’

657 1926 723 1968 re
760 1909 1038 1967 videatur
1085 1911 1147 1967 in
1188 1909 1487 1983 Articu10,
1545 1909 1648 1968 ubi
1688 1908 1762 1968 de
1810 1908 1975 1967 Luce
2018 1914 2079 1967 et
2115 1907 2331 1968 Calore
2368 1910 2432 1966 in
2481 1907 2676 1968 Coelo
2708 1926 2782 1967 n:

666 2013 802 2070 126
835 2009 912 2068 ad
945 2014 1083 2070 140
1124 2017 1324 2069 actum
1362 2015 1472 2070 est.

818 2113 977 2170 590.
1018 2112 1127 2170 Est
1162 2119 1523 2189 perpetuum
1562 2111 1979 2187 aequilibrium
2015 2114 2170 2171 inter
2207 2110 2457 2187 Coelum
2492 2115 2554 2170 et
2580 2110 2781 2171 Infer-

655 2230 793 2270 num
809 2231 824 2286 3
865 2229 939 2269 ex
965 2211 1205 2270 Inferno
1234 2217 1511 2272 continue
1546 2215 1813 2288 exspirat
1849 2219 1910 2272 et
1938 2212 2209 2273 ascendit
2236 2220 2487 2272 conatus
2515 2210 2782 2272 faciendi

654 2311 906 2382 malum,
962 2317 1023 2371 et
1060 2328 1134 2370 ex
1181 2310 1365 2372 Coelo
1408 2316 1687 2372 continue
1740 2315 2009 2391 exspirat
2055 2319 2119 2374 et
2168 2313 2480 2373 descendit
2528 2318 2783 2372 conatus

652 2412 909 2497 faciendi
942 2411 1195 2490 bonum3
1243 2415 1305 2473 in
1339 2413 1442 2474 illo
1482 2413 1836 2491 aequilibrIo
1876 2421 1969 2475 est
2003 2414 2265 2474 Mundus
2301 2415 2644 2491 spirituum,
2681 2415 2782 2490 qui

653 2514 814 2593 quod
858 2516 938 2574 sit
989 2515 1220 2576 medius
1274 2517 1430 2576 inter
1478 2515 1729 2577 Coe-lum
1778 2521 1840 2575 et
1886 2516 2042 2577 inter
2087 2515 2419 2591 Infernum,
2495 2515 2778 2581 videatur

651 2633 838 2693 supra
871 2635 939 2674 n:
974 2620 1061 2675 42
1082 2621 1110 2675 1
1149 2617 1226 2676 ad
1257 2619 1422 2676 431.
1495 2616 1671 2693 Quod
1705 2616 1968 2677 Mundus
2004 2619 2321 2694 spirituum
2346 2620 2407 2676 in
2447 2634 2520 2686 eo
2547 2616 2783 2693 Aequi-

651 2718 826 2776 librio
876 2719 981 2792 sit,
1040 2723 1134 2777 est
1172 2720 1312 2795 quia
1357 2720 1550 2777 omnis
1592 2719 1770 2777 homo
1814 2724 1958 2795 post
1991 2725 2242 2778 mortem
2288 2720 2547 2795 primum
2598 2718 2785 2776 intrat

653 2818 943 2877 Mundum
984 2820 1333 2896 spirituum,
1392 2826 1453 2879 et
1493 2819 1578 2878 ibi
1631 2824 1869 2878 tenetur
1902 2822 1966 2877 in
1995 2820 2175 2879 simili
2221 2827 2385 2880 statu
2419 2822 2481 2877 in
2517 2836 2637 2895 quo
2674 2818 2784 2876 fuit

654 2921 713 2976 in
757 2918 1012 2994 Mundo,
1065 2920 1226 2995 quod
1260 2920 1390 2980 fieri
1423 2922 1699 2996 nequiret
1744 2922 1859 2979 nisi
1902 2922 1985 2980 ibi
2021 2938 2319 2980 summum
2354 2920 2782 2996 aequilibrium

659 3025 850 3093 esset3
904 3036 1016 3094 per
1063 3019 1125 3077 id
1181 3023 1337 3080 enim
1390 3022 1778 3097 explorantur
1831 3039 2037 3081 omnes
2094 3023 2305 3098 quales
2358 3028 2531 3096 sunt,
2587 3020 2786 3080 relicti

658 3120 814 3177 enim
850 3117 933 3176 ibi
977 3125 1116 3177 sunt
1151 3136 1264 3180 suo
1299 3121 1524 3193 libero,
1572 3125 1633 3180 in
1671 3122 1836 3199 quali
1870 3123 2111 3183 fuerunt
2148 3125 2210 3181 in
2244 3123 2501 3183 mundo:
2548 3122 2785 3198 Aequi-

654 3217 894 3279 librium
933 3221 1244 3297 spirituale
1275 3228 1368 3280 est
1402 3221 1687 3281 Liberum
1724 3224 1889 3299 apud
1924 3224 2225 3283 hominem
2263 3230 2323 3283 et
2358 3224 2671 3300 spiritum,
2720 3227 2786 3280 ut

660 3339 797 3382 mox
839 3338 1027 3398 supra
1061 3339 1130 3380 n:
1178 3322 1313 3382 589
1356 3322 1582 3381 dictum
1631 3329 1742 3381 est.
1827 3324 2331 3402 Quale·cujusvis
2372 3324 2628 3385 liberum
2670 3329 2782 3397 est,

659 3426 1042 3500 cognoscitur
1098 3423 1179 3482 ibi
1231 3424 1307 3482 ab
1363 3424 1615 3501 Angelis
1667 3427 1726 3482 in
1775 3424 1961 3485 Coelo
2023 3444 2135 3503 per
2188 3426 2788 3485 communicationem

661 3524 1040 3594 affectionum
1093 3531 1154 3584 et
1209 3528 1630 3604 cogitationum
1688 3525 1825 3585 inde
1840 3546 1857 3603 3
1924 3533 1984 3586 et
2039 3526 2102 3585 id
2151 3532 2406 3604 apparet
2459 3526 2535 3585 ad
2585 3527 2788 3586 visum

661 3644 864 3687 coram
900 3627 1209 3702 spiritibus
1247 3628 1533 3705 angelicis
1559 3645 1672 3704 per
1700 3629 1831 3685 vias
1870 3645 2017 3703 quas
2044 3627 2273 3686 vadunt
2285 3648 2301 3704 3
2340 3630 2443 3705 qui
2475 3628 2618 3687 boni
2654 3628 2787 3703 spi-

661 3727 811 3784 ritus
850 3733 1021 3802 sunt,
1075 3727 1163 3787 illi
1211 3735 1352 3788 eunt
1397 3730 1528 3788 vias
1577 3745 1732 3805 quae
1781 3728 2033 3812 tendunt
2077 3727 2155 3787 ad
2194 3729 2461 3803 coelum,
2527 3733 2592 3787 at
2639 3726 2790 3812 rnali

661 3826 911 3900 spiritus
950 3834 1092 3886 eunt
1127 3832 1256 3888 vias
1296 3847 1451 3906 quae
1498 3829 1749 3888 tendunt
1795 3828 1873 3887 ad
1906 3830 2232 3889 infernum:
2286 3831 2425 3889 viae
2466 3828 2790 3888 actualiter

663 3932 962 3999 apparent
994 3928 1056 3984 in
1089 3927 1190 3986 illo
1220 3931 1439 3989 mundo
1452 3950 1469 4007 3
1527 3947 1681 4007 quae
1720 3931 1898 3990 etiam
1936 3936 2030 3991 est
2064 3948 2281 4006 causa,
2333 3928 2685 4007 quod'Viae
2729 3930 2791 3987 in

662 4023 868 4083 Verbo
918 4026 1252 4101 significent
1295 4047 1442 4091 vera
1490 4049 1646 4108 quae
1685 4030 1921 4094 ⁴ducunt
1957 4032 2033 4090 ad
2078 4032 2330 4106 bonum,
2388 4036 2449 4090 et
2485 4031 2547 4087 in
2586 4047 2787 4107 oppo-

664 4126 1003 4185 sit0.sensu
1038 4125 1192 4185 falsa
1228 4144 1382 4203 quae
1420 4130 1646 4189 ducunt
1682 4132 1758 4189 ad
1804 4134 2057 4191 malum:
2116 4139 2177 4191 et
2210 4133 2349 4191 inde
2393 4148 2631 4207 quoque
2672 4136 2786 4202 cst,

668 4226 825 4303 quod
860 4229 976 4297 ire,
1021 4227 1328 4287 ambulare
1366 4236 1425 4288 et
1457 4231 1756 4305 proficisci
1791 4235 1853 4291 in
1887 4233 2093 4295 Verbo
2125 4233 2461 4311 significent
2485 4248 2786 4310 progres-
