3013 5114
2374 446 2480 498 343

363 576 620 675 Quod
675 602 975 650 omnes
1032 580 1190 677 qui
1258 581 1342 650 in
1413 581 1808 654 Infernis
1882 601 2117 671 sunt,
2186 587 2275 655 in
2327 613 2483 659 ma-

457 677 570 749 lis
643 696 734 750 et
805 678 1015 751 inde
1087 679 1362 752 falsis
1428 707 1529 752 ex
1598 682 2051 755 amoribus
2106 686 2242 757 sui
2296 705 2382 759 et

1135 781 1440 853 mundi
1492 784 1698 855 sint.

513 928 674 986 551.
730 925 955 986 Omnes
997 929 1099 1003 qui
1132 929 1193 986 in
1228 928 1485 1010 Infernis
1523 935 1690 1004 sunt,
1745 932 1807 989 in
1834 930 2008 990 malis
2044 940 2105 991 et
2138 933 2275 993 inde
2309 935 2481 996 falsis

350 1035 524 1098 sunt,
580 1044 653 1086 ac
693 1020 897 1087 nullus
948 1028 1033 1086 ibi
1083 1031 1185 1105 qui
1220 1029 1282 1087 in
1321 1030 1495 1088 malis
1540 1037 1601 1088 et
1640 1031 1817 1090 simul
1858 1034 1919 1090 in
1956 1035 2150 1094 veris:
2204 1033 2479 1113 plerique

352 1128 496 1188 mali
529 1131 588 1187 in
625 1127 849 1186 mundo
877 1131 1074 1188 sciunt
1102 1131 1654 1206 veraspiritualia,
1711 1149 1868 1208 quae
1904 1140 2047 1192 sunt
2081 1151 2227 1193 vera
2259 1135 2478 1196 Eccle-

352 1232 500 1305 siae,
553 1228 894 1288 didicerunt
941 1231 1098 1289 enim
1132 1229 1245 1291 illa
1279 1231 1354 1289 ab
1399 1232 1680 1306 infantia,
1738 1238 1798 1291 et
1847 1232 1982 1292 dein
2033 1250 2109 1292 ex
2155 1234 2476 1310 praediea-

348 1333 512 1389 tione
565 1336 626 1389 et
667 1346 739 1388 ex
779 1329 1037 1390 lectione
1085 1330 1304 1406 Verbi,
1361 1349 1431 1391 ae
1478 1337 1696 1410 postea
1734 1332 1964 1408 loquuti
2014 1340 2155 1392 sunt
2202 1351 2279 1393 ex
2319 1335 2473 1413 illis;

350 1431 592 1507 quidam
631 1432 809 1489 etiam
838 1430 1198 1490 induxerunt
1236 1432 1389 1492 alios
1427 1432 1704 1508 eredere,
1748 1432 1909 1509 quod
1938 1434 2263 1494 Christiani
2297 1437 2478 1496 eorde

350 1536 587 1604 essent,
629 1533 771 1608 quia
805 1533 1112 1591 sciverunt
1141 1549 1216 1592 ex
1252 1535 1412 1592 veris
1455 1551 1590 1593 eum
1625 1533 1909 1594 simulata
1945 1535 2259 1595 affectione
2293 1536 2479 1613 loqui,

351 1639 411 1690 et
457 1648 696 1708 quoque
747 1633 982 1691 sineere
1033 1649 1213 1709 agere
1262 1637 1418 1692 sieut
1469 1651 1546 1692 ex
1595 1635 1893 1712 spirituali
1936 1635 2053 1695 fide
2069 1655 2084 1710 3
2148 1636 2260 1696 sed
2305 1638 2348 1696 ii
2400 1654 2479 1697 ex

344 1731 465 1791 illis
508 1734 610 1809 qui
655 1734 713 1790 in
750 1747 816 1791 se
857 1734 1273 1809 cogitaverunt
1309 1741 1519 1792 eontra
1554 1735 1675 1803 illa,
1718 1742 1780 1794 et
1817 1735 2233 1796 abstinuerunt
2268 1756 2306 1796 a
2340 1755 2475 1796 ma·-

347 1832 424 1890 lis
466 1832 755 1894 faciendis
785 1833 1112 1892 secundum
1153 1835 1417 1908 cogitata
1443 1850 1557 1892 sua
1591 1835 1785 1893 solum
1814 1836 1989 1895 modo
2025 1843 2272 1913 propter
2305 1837 2476 1914 leges

350 1933 594 2007 civileS‚
647 1941 707 1993 et
748 1940 1000 2010 propter
1050 1934 1294 2007 samam,
1351 1932 1643 2005 honores,
1699 1942 1760 1995 et
1792 1933 1991 2009 lucra,
2049 1953 2256 1995 omnes
2294 1937 2476 1996 corde

350 2033 494 2092 mali
535 2040 702 2109 sunt,
770 2041 830 2093 et
866 2034 1041 2097 modo
1094 2033 1293 2111 quoad
1339 2051 1560 2111 eorpus
1610 2042 1670 2094 et
1702 2052 1821 2094 non
1858 2035 2057 2112 quoad
2102 2038 2380 2112 spiritum
2416 2039 2477 2096 in

345 2137 507 2194 veris
547 2141 608 2194 et
642 2135 1022 2211 bonis·sunt;
1080 2142 1450 2214 quapropter
1494 2151 1630 2195 eum
1678 2139 1740 2195 in
1783 2135 1978 2195 altera
2011 2139 2137 2195 vita
2173 2139 2262 2196 eis
2299 2137 2474 2196 aufe-

345 2242 561 2294 runtur
598 2243 876 2308 externa,
927 2252 997 2296 ae
1046 2236 1393 2296 revelantur
1440 2239 1705 2310 interna,
1767 2254 1921 2315 quae
1958 2240 2203 2314 spiritus
2237 2237 2476 2297 illorum

346 2337 619 2411 suerunt,
677 2342 820 2395 sunt
854 2354 1105 2412 prorsus
1141 2339 1202 2397 in
1237 2339 1409 2397 malis
1448 2345 1511 2397 et
1544 2338 1746 2413 salsiS,
1814 2346 1875 2398 et
1914 2357 2032 2399 non
2070 2342 2131 2399 in
2173 2338 2474 2416 aliquibus

346 2439 507 2495 veris
551 2443 611 2496 et
645 2435 850 2512 bonis}
922 2444 984 2495 et
1023 2445 1223 2513 patet,
1278 2437 1439 2513 quod
1486 2454 1636 2497 vera
1677 2444 1739 2498 et
1793 2438 1953 2496 bona
2000 2439 2176 2498 modo
2220 2439 2474 2499 resede-

349 2537 466 2595 rint
520 2539 582 2596 in
643 2537 929 2595 memoria
991 2553 1227 2610 eorum,
1293 2554 1413 2596 non
1466 2536 1642 2596 aliter
1677 2553 1751 2597 ae
1792 2537 2163 2618 scientifica,
2218 2543 2279 2597 et
2314 2537 2477 2615 quod

345 2636 485 2696 inde
521 2636 1002 2714 deprompserint
1037 2637 1171 2712 illa,
1230 2654 1365 2696 eum
1415 2637 1650 2711 loquuti
1692 2645 1862 2712 sunt,
1930 2645 1992 2697 et
2040 2639 2477 2697 simulaverunt

347 2739 506 2797 bona
541 2740 699 2796 sicut
735 2754 810 2796 ex
846 2737 1143 2813 spirituali
1185 2754 1387 2797 amore
1432 2746 1492 2797 et
1529 2737 1663 2797 fide.
1751 2737 1901 2797 Cum
1945 2738 2100 2797 tales
2142 2741 2472 2798 immittun-

344 2847 445 2899 tur
477 2840 539 2896 in
583 2826 695 2897 sua
732 2838 970 2896 interna
993 2882 1008 2913 ,
1072 2846 1513 2915 consequenter
1549 2842 1611 2898 in
1649 2855 1763 2897 sua
1799 2838 1960 2897 mala
1993 2844 2136 2899 tune
2180 2855 2301 2898 non
2338 2855 2471 2897 am·

344 2937 507 3018 plius
553 2939 720 3017 loqui
753 2945 1012 3015 possunt
1054 2956 1232 3013 vera,
1287 2938 1397 2999 sed
1438 2939 1614 2999 modo
1651 2939 1835 3015 falsa,
1892 2942 2171 3016 quoniam
2209 2940 2472 3017 loquun-

347 3047 446 3100 tur
474 3056 550 3099 ex
575 3040 781 3114 maliS,
825 3057 962 3098 nam
998 3040 1162 3116 loqui
1189 3057 1263 3099 ex
1298 3040 1474 3100 malis
1517 3057 1661 3102 vera
1699 3046 1792 3100 est
1821 3040 2224 3118 impossibile,
2273 3057 2469 3116 quon·
2509 3083 2526 3104 t

345 3142 465 3200 iam
503 3148 646 3199 tune
684 3142 930 3217 spiritus
977 3158 1094 3200 non
1133 3147 1226 3200 est
1263 3143 1380 3199 nisi
1417 3159 1598 3217 quam
1633 3157 1815 3201 suum
1849 3142 2104 3217 malum,
2160 3143 2220 3201 et
2252 3141 2473 3201 salsum

345 3241 620 3320 procedit
660 3259 736 3301 ex
787 3240 964 3301 malo.
1049 3241 1481 3318 Unusquisque
1529 3243 1777 3319 spiritus
1817 3243 2013 3303 malus
2055 3246 2116 3301 in
2148 3242 2307 3301 hune
2343 3249 2473 3300 sta-

345 3351 472 3403 tum
508 3342 827 3419 redigitur,
869 3349 1191 3418 antequam
1228 3344 1543 3420 conjicitur
1578 3344 1638 3400 in
1672 3344 1996 3416 infernum,
2045 3341 2323 3402 videatur
2362 3356 2469 3400 su·

347 3461 462 3521 pra
494 3462 562 3502 n:
615 3446 755 3503 499
792 3443 870 3501 ad
913 3445 1046 3502 512
1067 3463 1084 3519 3
1127 3442 1242 3502 hoe
1280 3443 1495 3503 dieitur
1535 3443 1763 3501 vastari
1801 3442 1998 3518 quoad
2033 3458 2182 3501 vera
2218 3448 2278 3500 et
2313 3439 2476 3499 bona

349 3539 480 3624 (fs);
520 3550 579 3603 et
606 3545 866 3602 vastatio
893 3560 1012 3602 non
1049 3551 1144 3607 est
1177 3543 1294 3603 nisi
1336 3560 1516 3621 quam
1551 3543 1839 3601 immissio
1876 3545 1936 3600 in
1970 3544 2234 3611 interna,
2292 3541 2379 3600 ita
2411 3542 2473 3599 in

526 3695 759 3704 ’,φ-...μμ-

506 3785 611 3854 (ff)
667 3784 830 3852 Quod
875 3785 1044 3850 mali,
1105 3795 1408 3856 antequam
1464 3783 1819 3850 dejiciuntur
1872 3784 1931 3836 in
1973 3783 2262 3839 infernum
2305 3783 2471 3838 deva·

347 3875 574 3919 stentur
615 3862 806 3936 quoad
850 3879 991 3916 vera
1032 3871 1089 3915 et
1128 3861 1314 3922 bona,
1359 3871 1416 3914 et
1452 3859 1611 3933 quod
1647 3859 1763 3912 illis
1794 3860 2078 3932 ademptis
2107 3859 2371 3915 ferantur
2402 3877 2471 3913 ex

346 3958 406 3994 se
451 3941 509 3994 in
551 3940 877 4003 infernum,
927 3956 997 3991 n:
1044 3945 1211 3997 6977.
1252 3945 1419 3998 7039.
1458 3943 1628 3996 7795·
1663 3943 1832 3997 8210.
1864 3943 2030 3998 8232·
2068 3944 2237 3998 9330.
2299 3936 2472 4014 Quod

344 4018 629 4071 Dominus
663 4033 781 4069 non
832 4014 1093 4068 devastet
1135 4013 1301 4076 illos,
1366 4012 1467 4066 sed
1505 4011 1680 4085 ,quod
1735 4012 1820 4065 illi
1865 4014 2120 4087 seipsos,
2182 4032 2253 4068 n:
2299 4019 2470 4074 7643.

348 4101 516 4153 7926.
596 4091 767 4169 Quod
811 4108 981 4145 omne
1024 4090 1237 4143 malum
1274 4089 1331 4140 in
1367 4107 1427 4143 se
1460 4089 1671 4142 habeat
1704 4087 1932 4154 falsum,
1975 4099 2337 4162 quapropter
2370 4088 2472 4159 qui

347 4169 407 4220 in
448 4170 601 4220 malo
645 4179 811 4232 sunt,
855 4169 1026 4222 etiam
1070 4167 1135 4218 in'
1163 4165 1310 4219 falso
1354 4174 1512 4230 sunt‚·
1548 4165 1773 4219 tametsi
1816 4165 2050 4236 quidam
2086 4163 2145 4217 id
2184 4164 2469 4224 nesciunt,

346 4262 418 4297 nx
464 4253 631 4307 7577.
675 4252 846 4304 8094.
927 4242 1092 4308 Quod
1134 4242 1235 4314 qui
1276 4241 1336 4293 in
1368 4242 1522 4295 malo
1565 4252 1715 4307 sunt,
1757 4257 1875 4293 non
1911 4241 2135 4312 possint
2158 4239 2271 4291 nisi
2300 4256 2470 4310 quam

347 4319 589 4385 falsum,
633 4318 768 4373 dum
810 4337 878 4372 ex
918 4337 1008 4384 se,
1053 4318 1353 4390 cogitare,
1397 4330 1472 4371 nt
1517 4323 1684 4378 7437.
1768 4315 1934 4383 Quod
1975 4329 2205 4381 omneS,
2269 4313 2367 4387 qui
2412 4312 2471 4364 in
