3013 5114
2360 421 2467 475 295

346 557 604 655 Quod
674 556 1084 629 ,Iucunda
1164 558 1396 628 vitae
1475 559 1883 655 cujusvis
1953 578 2172 656 post
2243 588 2465 634 mor-

524 676 694 729 tem
746 675 1220 729 vertantur
1273 659 1364 728 in
1418 662 2269 757 correspondentia.

505 819 668 877 485.
725 816 899 893 Quod
941 816 1195 876 Affectio
1232 835 1490 894 regnans
1528 835 1636 876 seu
1674 819 1861 878 Amor
1896 820 2203 878 dominans
2232 830 2470 882 maneat

344 923 406 980 in
464 924 772 977 aeternum
833 917 993 993 apud
1048 921 1537 994 uniimquemviS‚
1621 922 1680 977 in
1729 920 2131 995 praecedente
2194 922 2465 982 Articulo

348 1028 659 1080 ostensum
700 1025 791 1077 est
806 1038 822 1095 3
881 1019 1038 1093 quod
1077 1026 1276 1077 antem
1305 1021 1578 1095 jucunda
1616 1020 1942 1079 affectionis
1981 1039 2089 1080 sen
2129 1025 2347 1081 amoris
2389 1022 2465 1082 il-

346 1122 465 1180 lius
496 1125 804 1178 vertantur
841 1121 901 1177 in
939 1121 1500 1196 coi-respondentia,
1539 1138 1693 1180 nunc
1729 1122 2161 1182 ostendendum
2198 1129 2317 1182 est:
2357 1142 2468 1201 per

345 1223 501 1280 verti
536 1223 596 1277 in
632 1208 1199 1296 coi-respondentia,
1257 1220 1609 1297 intelligitur
1641 1224 1701 1279 in
1743 1221 2079 1298 spiritualia
2124 1241 2278 1299 quae
2324 1241 2460 1283 eor-

345 1320 714 1398 responden't
762 1320 1163 1381 naturalibus:
1221 1323 1380 1397 quod
1424 1329 1734 1380 vertantur
1777 1325 1836 1380 in
1882 1324 2249 1399 spiritualia,
2315 1342 2460 1382 con-

349 1436 514 1482 stare
556 1428 760 1498 potest
798 1439 870 1480 ex
909 1439 1008 1494 eo,
1050 1422 1208 1498 quod
1243 1423 1447 1496 home,
1489 1423 1773 1500 quamdiu
1808 1425 1868 1481 in
1906 1441 2155 1500 corpore
2192 1442 2303 1484 suo
2341 1432 2465 1484 ter-

347 1526 527 1583 restri
565 1529 687 1594 est,
735 1525 795 1580 in
834 1523 1053 1580 mundo
1093 1523 1349 1581 naturali
1385 1527 1494 1596 sit,
1555 1532 1616 1581 at
1650 1532 1969 1602 postquam
2012 1525 2075 1582 id
2109 1542 2327 1601 eorpus
2365 1543 2465 1583 re-

347 1625 588 1700 linquit,
642 1625 704 1681 in
740 1625 1022 1681 mnndum
1064 1624 1436 1699 spiritualem
1476 1627 1709 1699 veniat,
1767 1643 1838 1683 ae
1884 1643 2100 1703 eorpus
2154 1624 2464 1702 spirituale

347 1721 573 1783 induat.
657 1723 830 1799 Quod
868 1724 1085 1799 Angeli
1123 1727 1242 1782 sint
1268 1727 1328 1781 in
1363 1725 1636 1801 perfecta
1663 1726 1853 1784 forma
1887 1726 2175 1801 humana,
2216 1734 2277 1784 et
2314 1744 2465 1810 quo-

348 1843 467 1902 que
502 1825 773 1882 homines
811 1831 950 1900 post
995 1825 1273 1900 mortem3
1332 1834 1392 1883 et
1443 1825 1602 1901 quod
1653 1842 1906 1901 corpora
1957 1844 2190 1900 eorum,
2244 1827 2460 1902 quibus

344 1926 566 1995 induti,
639 1926 758 1983 sint
795 1926 1162 2001 spiritualia,
1212 1926 1486 1985 videatur
1524 1941 1711 2002 supra
1758 1943 1825 1984 nt
1884 1928 1969 1985 73
2006 1926 2080 1984 ad
2119 1931 2238 1984 77:
2296 1934 2356 1983 et
2392 1946 2460 1983 n:

352 2028 492 2086 453
528 2025 603 2082 ad
635 2028 811 2084 460:
867 2031 925 2084 et
963 2026 1101 2101 quid
1146 2025 1690 2102 Coi-respondentia
1739 2025 2136 2102 spiritualium
2182 2043 2316 2084 eum
2353 2043 2465 2084 na·-
2526 2046 2532 2052 ·
2627 2028 2631 2033 ’

348 2126 675 2197 turalibnS,
722 2144 791 2184 n:
837 2130 921 2186 87
959 2127 1036 2185 ad
1069 2129 1228 2186 115.

510 2247 672 2305 486.
748 2244 963 2304 Omnia
1004 2246 1300 2323 jucunda,
1359 2264 1514 2322 quae
1563 2246 1816 2322 homini,
1872 2253 2011 2304 sunt
2059 2232 2277 2306 amoris
2335 2247 2465 2326 ejus

348 2348 684 2425 regnantis,
742 2364 876 2405 nam
915 2346 1093 2405 homo
1133 2348 1276 2406 nihil
1317 2348 1479 2407 aliud
1517 2349 1698 2406 sentit
1724 2347 2057 2423 jucundum
2102 2366 2279 2425 quam
2310 2348 2470 2425 quod

350 2455 544 2520 amat,
615 2450 700 2506 ita
749 2450 1002 2506 maxime
1061 2447 1120 2504 id
1178 2448 1338 2525 quod
1387 2464 1573 2524 super
1624 2450 1821 2506 omnia
1867 2454 2053 2514 amat;
2119 2449 2249 2506 sive
2296 2448 2462 2506 dicas

354 2567 614 2609 amorem
664 2556 1045 2626 regnantem,
1102 2550 1228 2606 sive
1275 2548 1333 2606 id
1384 2547 1544 2624 quod
1592 2564 1778 2623 super
1822 2548 2019 2606 omnia
2067 2552 2255 2623 amat,
2311 2547 2468 2605 idem
2558 2614 2564 2618 ,

355 2657 467 2711 est.
550 2651 833 2712 Jucunda
879 2649 983 2708 illa
1032 2656 1171 2706 sunt
1216 2652 1412 2722 varia,
1469 2647 1714 2706 totidem
1761 2651 1826 2705 'in
1868 2665 2089 2724 genere
2145 2656 2289 2724 quot
2332 2655 2470 2707 sunt

354 2770 589 2812 amores
631 2758 986 2827 regnanteS,
1039 2749 1287 2825 proinde
1331 2757 1472 2825 quot
1515 2748 1817 2823 homines,
1875 2750 2119 2825 spiritus
2159 2756 2219 2806 et
2255 2729 2469 2824 angeli,

352 2871 488 2912 nam
548 2856 723 2912 unius
774 2868 940 2909 amor
987 2866 1244 2927 regnans
1282 2868 1398 2908 non
1441 2857 1534 2907 est
1571 2850 1903 2908 omnimode
1943 2850 2153 2907 similis
2192 2849 2469 2923 alteriusg

347 2955 486 3013 inde
532 2962 654 3028 est,
715 2952 873 3030 quod
915 2969 1211 3027 nusquam
1256 2968 1504 3027 prorsus
1558 2949 1767 3008 similis
1813 2951 1998 3009 facies
2041 2952 2140 3007 uni
2190 2952 2267 3008 sit
2317 2967 2471 3026 quae

354 3055 561 3124 alteri,
623 3073 759 3113 nam
812 3054 997 3110 facies
1050 3059 1145 3110 est
1194 3055 1390 3128 imago
1441 3051 1709 3128 cujusvis
1764 3053 1972 3122 animi,
2041 3060 2099 3109 et
2149 3053 2207 3109 in
2254 3050 2472 3108 mundo

350 3156 650 3233 spirituali
701 3161 792 3212 est
831 3155 1027 3229 imago
1069 3154 1333 3229 cujusvis
1378 3155 1599 3212 amoris
1649 3156 1960 3229 regnantis
1976 3174 1992 3228 3
2041 3152 2313 3229 jucunda
2361 3170 2469 3208 eu-

343 3258 541 3335 jusvis
606 3258 664 3314 in
723 3256 927 3331 specie
978 3256 1156 3313 etiam
1214 3259 1354 3312 sunt
1407 3254 1670 3312 infinitae
1728 3256 2062 3326 varietatiS,
2137 3269 2247 3311 nec
2300 3252 2475 3310 datur

351 3376 535 3415 unum
576 3356 829 3433 alicujus
867 3355 1200 3433 jucundum
1249 3354 1582 3415 omnimode
1624 3352 1815 3411 simile
1866 3361 1970 3410 aut
2015 3351 2172 3409 idem
2211 3369 2345 3409 eum
2384 3351 2474 3408 al-

351 3463 509 3530 tem,
572 3463 694 3513 tam
751 3475 905 3532 quae
954 3456 1286 3515 succedunt
1329 3473 1513 3514 unum
1557 3459 1698 3530 post
1750 3452 2029 3524 alterum,
2098 3468 2276 3528 quam
2321 3468 2473 3526 qnae

370 3608 488 3616 ’‘-

353 3684 457 3741 sed
491 3684 664 3739 etiam
699 3700 868 3736 omne
902 3682 1139 3746 falsum,
1183 3703 1251 3735 n·-
1298 3691 1467 3744 1047.
1508 3689 1714 3743 10283.
1763 3689 1966 3742 10284.
2008 3690 2215 3743 10286.
2309 3681 2474 3747 Quod

351 3762 522 3825 mala,
569 3776 714 3834 quae
753 3778 820 3813 ex
862 3759 1106 3829 proprio
1150 3760 1421 3820 hominis,
1468 3759 1582 3810 sint
1618 3768 1941 3810 contemtus
1976 3758 2243 3822 aliorum,
2290 3760 2474 3811 inimi-

351 3839 557 3901 citiae,
615 3835 778 3901 odia,
824 3835 1146 3897 vindictae,
1201 3835 1510 3897 saevitiae,
1556 3833 1711 3898 doli,
1770 3852 1836 3886 n:
1882 3843 2047 3895 6667.
2088 3843 2255 3896 7372,
2308 3845 2473 3895 7373.

355 3923 525 3977 7374,
582 3921 753 3973 9348.
803 3919 1006 3972 10038.
1053 3919 1258 3972 10742.
1343 3910 1512 3988 Quod
1555 3921 1833 3981 quantum
1877 3912 2184 3982 proprium
2225 3914 2474 3966 hominis

352 4000 585 4064 regnat,
650 4000 867 4043 tantum
909 3989 1128 4042 honum
1184 3989 1399 4041 amoris
1444 3997 1501 4040 et
1556 4004 1759 4039 verum
1798 3987 1930 4041 fidei
1975 3990 2070 4041 vel
2111 3989 2472 4058 rejiciantur,

352 4070 449 4121 vel
490 4066 877 4129 suffocentur,
941 4065 1036 4118 vel
1079 4073 1521 4135 pervertantur,
1565 4080 1633 4114 n:
1673 4072 1843 4125 2041,
1892 4073 2059 4126 7491.
2098 4073 2265 4127 7492.
2308 4073 2472 4126 7643.

360 4151 526 4204 8487.
565 4150 768 4203 10455.
814 4149 1017 4202 10742.
1081 4141 1253 4219 Quod
1287 4140 1593 4213 proprium
1624 4140 1874 4193 hominis
1905 4142 1979 4194 sit
2005 4142 2295 4195 infernum
2324 4140 2474 4210 apud

358 4220 555 4282 illum,
599 4236 667 4273 nt
713 4227 840 4279 694.
892 4227 1059 4279 8480.
1142 4217 1306 4282 Quod
1348 4217 1604 4279 bonurn,
1649 4217 1806 4288 quod
1849 4220 2020 4270 homo
2063 4218 2202 4270 facit
2245 4235 2309 4269 ex
2346 4232 2475 4284 pro-

355 4295 523 4367 prie,
569 4313 685 4347 non
729 4296 802 4349 sit
843 4294 1095 4358 bonum,
1142 4294 1239 4348 sed
1282 4296 1339 4348 in
1391 4311 1449 4347 se
1489 4293 1726 4358 malum,
1765 4312 1832 4344 n:
1878 4301 2046 4354 8487.
