3013 5114
910 406 1055 462 Lux
1095 406 1190 461 ΕΤ
1230 391 1469 462 cALoss
1506 409 1579 462 IN
1622 408 1876 464 couno.
2077 480 2080 481 f
2382 422 2451 472 75

328 567 532 626 calore
575 571 636 624 et
674 565 809 624 luce
858 565 1092 640 mundi,
1147 567 1365 642 quibus
1405 567 1587 628 Calor
1622 576 1684 628 et
1716 570 1849 630 Lux
1886 569 2055 631 Coeli
2091 586 2454 647 correspon-

326 669 498 743 dent3
557 684 634 726 ex
683 665 883 724 calore
930 665 1138 724 mundi
1187 669 1506 745 conjuncto
1554 670 1676 728 luci
1719 671 2099 730 vivificantur
2145 678 2206 730 et
2243 671 2459 731 florent

327 770 532 829 omnia
575 784 731 844 quae
768 783 956 842 super
999 766 1276 843 Tellure,
1335 770 1655 848 conjuncta
1705 778 1844 831 sunt
1883 772 2253 848 temporibus
2295 773 2456 831 veris

327 876 390 930 et
427 869 710 944 aestatis3
777 873 839 925 at
881 885 956 926 ex
993 867 1128 926 luce
1165 876 1450 945 separata
1503 887 1541 928 a
1591 871 1789 931 calore
1835 871 1982 930 nihil
2015 871 2359 931 vivificatur
2395 879 2456 932 et

326 971 530 1041 floret,
580 968 691 1027 sed
735 973 979 1044 torpent
1019 974 1079 1028 et
1128 971 1493 1028 emoriuntur
1534 974 1761 1047 omnia,
1810 989 1930 1031 non
1971 973 2289 1050 conjuncta
2317 980 2457 1031 sunt

327 1080 601 1146 tempore
637 1069 905 1146 hyemiS,
961 1074 1103 1127 tunc
1149 1069 1315 1128 calor
1363 1070 1568 1142 abest,
1622 1079 1683 1131 et
1724 1072 1828 1130 lux
1878 1079 2139 1148 perstat:
2196 1091 2271 1132 ex
2318 1090 2454 1132 cor-

327 1170 762 1247 respondentia
807 1169 914 1230 illa
969 1167 1220 1228 Coelum
1273 1178 1525 1230 vocatur
1592 1172 1952 1245 Paradisus‚
2038 1174 2319 1249 quoniam
2374 1173 2457 1230 ibi

327 1289 541 1331 verum
582 1269 963 1347 conjunctum
1001 1276 1096 1329 est
1137 1269 1328 1347 bono,
1387 1288 1496 1332 seu
1532 1273 1682 1332 fides
1721 1274 1942 1347 amori,
2000 1271 2163 1332 sicut
2203 1271 2311 1332 lux
2347 1289 2453 1331 ca-

326 1373 438 1431 lori
493 1377 767 1446 tempore
804 1387 988 1429 verno
1026 1371 1086 1429 in
1115 1373 1308 1431 terris.
1365 1373 1457 1430 Ex
1491 1374 1584 1432 his
1620 1391 1777 1432 nunc
1807 1374 2027 1434 clarius
2072 1379 2306 1432 constat
2347 1390 2457 1433 ve-

328 1476 506 1548 ritae,
570 1472 644 1531 de
699 1488 819 1547 qua
866 1487 1057 1548 supra
1105 1473 1165 1529 in
1226 1489 1338 1532 suo
1394 1473 1667 1534 Articulo
1727 1492 1796 1534 n:
1859 1476 1943 1534 13
1988 1475 2064 1533 ad
2109 1476 2229 1547 19,
2297 1473 2458 1548 quod

329 1574 619 1633 Divinum
681 1573 926 1630 Domini
977 1575 1035 1630 in
1086 1570 1271 1633 Coelo
1318 1576 1395 1633 sit
1447 1574 1637 1634 Amor
1690 1577 1751 1633 in
1812 1575 2019 1651 Ipsum
2071 1581 2131 1634 et
2177 1573 2454 1636 Charitas

325 1692 471 1750 erga
518 1674 872 1750 proximum.

495 1776 652 1832 137.
692 1774 926 1831 Dicitur
968 1771 1129 1849 apud
1170 1773 1529 1847 Johannem,
1572 1773 1959 1854 „Principio
1987 1783 2126 1837 erat
2167 1773 2452 1848 Verbum,

326 1881 388 1935 et
418 1873 719 1936 Verbum
767 1878 907 1932 erat
952 1871 1132 1951 apud
1170 1871 1421 1948 Deum,
1477 1880 1539 1934 et
1570 1873 1762 1934 Deus
1798 1881 1936 1934 era-t
1977 1874 2273 1937 Verbum.-
2322 1893 2457 1933 om-

325 1976 442 2036 nia
471 1995 594 2055 per
628 1972 856 2053 Ipsum
881 1973 1075 2052 facta
1116 1977 1303 2048 eunt,
1369 1978 1429 2032 et
1476 1973 1614 2034 sine
1653 1973 1810 2054 Ipso
1845 1975 2106 2054 factum
2148 1980 2242 2034 eet
2290 1970 2459 2033 nihil

326 2075 498 2156 quod
522 2076 802 2157 factum.
883 2073 968 2134 In
1007 2073 1162 2152 Ipso
1203 2073 1340 2134 vita
1377 2078 1546 2150 erat,
1604 2080 1664 2134 et
1695 2073 1832 2136 vita
1872 2081 2009 2136 erat
2053 2074 2212 2136 Luco
2248 2073 2457 2134 homi-

322 2198 495 2239 num.
585 2175 671 2236 In
721 2173 957 2235 mundo
1011 2178 1177 2250 erat,
1246 2181 1306 2235 et
1345 2174 1627 2236 mundus
1655 2195 1775 2254 per
1814 2175 2044 2256 Ipsum
2073 2177 2302 2257 factus
2336 2181 2450 2235 est.

326 2277 425 2339 Et
478 2277 747 2341 Verbum
775 2273 939 2336 Oaro
965 2275 1223 2354 factum
1250 2280 1366 2352 est,
1395 2281 1458 2336 et
1482 2275 1801 2337 habitavit
1835 2277 2000 2338 inter
2024 2297 2159 2354 nos,
2196 2283 2257 2336 et
2281 2275 2455 2336 vidi-

326 2398 476 2440 mus
496 2376 779 2458 yloriam
800 2375 1096 2456 Ipsiu3,“
1126 2375 1184 2435 I:
1232 2381 1291 2436 1.
1328 2379 1388 2437 3.
1430 2382 1490 2437 4.
1530 2381 1640 2436 10.
1684 2381 1796 2436 14.
1853 2378 2032 2455 Quod
2057 2379 2352 2437 Dominus
2380 2379 2457 2435 sit

327 2483 432 2557 qui
470 2478 822 2555 intelligitur
855 2495 967 2554 per
993 2476 1282 2547 Verbum,
1324 2483 1511 2554 patet,
1552 2496 1688 2535 nam
1734 2478 1952 2536 dicitur
1990 2478 2151 2553 quod
2185 2477 2456 2537 Verbum

331 2581 488 2641 Caro
526 2581 751 2639 factum
787 2581 897 2638 sit:
954 2578 1094 2655 quid
1144 2585 1344 2637 autem
1386 2581 1446 2636 in
1486 2571 1692 2654 sp‘ecie
1744 2577 2096 2654 intelligitur
2141 2595 2252 2653 per
2294 2577 2454 2636 Ver-

329 2683 493 2753 bum,
530 2680 793 2740 nondum
830 2685 1034 2739 notum
1074 2683 1193 2753 est,
1244 2678 1476 2737 dicetur
1510 2680 1746 2754 itaque3
1801 2676 2069 2737 Verbum
2095 2676 2178 2736 ibi
2215 2682 2307 2736 est
2340 2675 2451 2735 Di-

326 2785 540 2841 vinum
592 2781 852 2855 Verum,
933 2779 1094 2856 quod
1142 2779 1201 2837 in
1248 2779 1506 2838 Domino
1564 2784 1624 2837 et
1674 2796 1711 2836 a
1761 2778 2017 2837 Domino
2061 2773 2201 2859 (rr),
2273 2793 2459 2854 quare

331 2886 512 2942 etiam
549 2883 632 2940 ibi
678 2887 928 2939 vocatur
975 2878 1143 2955 Lux,
1213 2897 1367 2956 quae
1406 2875 1567 2957 quod
1615 2882 1694 2939 sit
1740 2879 2020 2938 Divinum
2070 2878 2331 2948 Verum,
2396 2878 2458 2935 in

326 2982 832 3060 praecedentibus
869 2982 1052 3059 hujus
1088 2981 1348 3040 Articuli
1388 2988 1696 3041 ostensum
1734 2987 1863 3039 est:
1921 2981 2083 3056 quod
2132 2998 2244 3057 per
2277 2979 2455 3038 Divi-

325 3103 466 3143 num
505 3085 732 3143 Verum
781 3083 980 3140 omnia
1015 3081 1183 3140 facta
1235 3087 1297 3139 et
1350 3088 1557 3140 creata
1608 3083 1758 3153 sint,
1830 3099 1990 3140 nunc
2045 3080 2455 3157 explicabitur.

326 3185 400 3244 In
437 3184 606 3244 coelo
645 3190 738 3243 est
776 3184 966 3241 omnis
1020 3184 1295 3258 potentia
1338 3183 1558 3241 Divino
1610 3181 1801 3252 Vero,
1854 3190 1920 3255 ⁴et
1957 3182 2187 3258 absque
2223 3180 2327 3239 illo
2366 3185 2459 3237 est

327 3302 579 3362 prorsus
622 3284 790 3342 nulla
819 3279 964 3363 (ss)3
1035 3281 1248 3342 'omnes
1297 3283 1517 3360 Angeli
1563 3300 1634 3342 ex
1681 3283 1901 3341 Divino
1956 3284 2118 3342 Vero
2166 3285 2457 3339 vocantur

617 3447 738 3456 —-——-

483 3531 599 3596 (rr)
645 3527 816 3605 Quod
853 3526 1116 3579 Verbum
1145 3527 1205 3579 in
1237 3527 1543 3598 Scriptura
1573 3543 1734 3579 sacra
1764 3525 1926 3578 varia
1957 3523 2261 3596 significet,
2301 3539 2455 3575 nem-

330 3625 401 3677 pe
440 3621 803 3667 sermonem,
849 3603 1263 3673 cogitationem
1298 3602 1542 3663 mentis,
1588 3619 1818 3654 omnem
1860 3618 1987 3652 rem
2033 3616 2184 3671 quae
2218 3599 2459 3652 realiter

330 3682 555 3745 existit,
603 3692 722 3732 tum
757 3678 997 3751 aliquid,
1042 3696 1106 3731 ac
1151 3678 1209 3730 in
1251 3695 1525 3749 supremo
1568 3694 1737 3729 sensu
1776 3675 2050 3729 Divinum
2093 3678 2347 3738 Verum,
2392 3691 2457 3725 ac

326 3759 663 3819 Dominum,
708 3773 775 3807 n:
821 3763 989 3815 9987.
1072 3752 1238 3819 Quod
1274 3752 1534 3806 Verbum
1572 3753 1859 3823 significet
1898 3751 2173 3804 Divinum
2213 3754 2454 3812 Verum,

326 3852 398 3888 n:
443 3840 612 3894 2803-
650 3839 820 3892 2884.
865 3838 1034 3891 4692·
1065 3838 1233 3890 5075.
1277 3836 1449 3889 5272.
1499 3837 1667 3889 7830.
1719 3836 1888 3889 9987.
1972 3828 2143 3907 Quod
2185 3827 2457 3881 Verbum

329 3911 611 3982 significet
649 3908 991 3971 Dominum,
1037 3924 1103 3959 n:
1148 3913 1313 3966 2533.
1358 3913 1526 3966 2859.

482 4006 592 4072 (ss)
636 4001 810 4084 Quod
862 4000 1136 4055 Divinum
1191 4002 1409 4052 Verum
1463 3999 1789 4071 procedens
1845 4016 1877 4051 a
1936 3998 2188 4058 Domino
2246 3996 2322 4049 sit
2364 3995 2458 4049 cui

329 4082 519 4133 omnis
554 4078 836 4152 potentia,
881 4096 949 4130 n:
994 4082 1161 4137 6948.
1199 4082 1368 4136 8200.
1452 4074 1619 4141 Quod
1657 4074 1844 4128 omnis
1878 4075 2139 4146 potentia
2180 4074 2237 4126 in
2275 4071 2458 4125 Coelo

329 4158 403 4210 Sit
435 4158 563 4211 veri
593 4174 661 4211 ex
685 4156 868 4217 bono,
911 4171 967 4206 n:
1012 4161 1183 4221 3091.
1214 4159 1379 4213 3563·
1415 4160 1584 4214 6344.
1624 4161 1794 4214 6413.
1833 4159 2001 4212 8304·
2040 4159 2210 4211 9643.
2247 4154 2457 4210 10019-

330 4242 534 4294 10182.
619 4231 794 4311 Quod
835 4229 1044 4302 Angeli
1091 4229 1360 4282 dicantur
1393 4229 1723 4299 potentiae,
1779 4238 1837 4281 et
1877 4245 2111 4299 quoque
2149 4225 2307 4298 quod
2346 4224 2461 4276 sint

328 4310 660 4380 potentiae,
754 4325 821 4362 ex
886 4305 1225 4378 receptione
1282 4305 1479 4362 Divini
1541 4306 1683 4360 Veri
1726 4324 1758 4359 a
1810 4302 2091 4368 Domino,
2155 4319 2223 4355 n:
2289 4306 2458 4360 9639.
