3013 5114
552 393 620 444 74
1169 380 1260 434 DE
1306 381 1541 435 COELO
1585 380 1678 434 ΕΤ
1717 379 2051 434 INFERNO.

550 558 739 617 supra
774 539 934 598 dicta
967 519 1121 598 sunt.
1180 539 1360 600 Calor
1387 542 1591 599 mundi
1618 557 1866 618 prorsus
1903 557 2021 598 non
2057 541 2240 598 intrat
2267 539 2491 613 coelos,
2523 542 2665 615 quia

550 643 810 702 crassior
846 647 965 713 est,
1025 657 1096 699 ac
1131 642 1422 699 naturalis
1461 647 1521 700 et
1555 658 1672 699 non
1708 641 2066 717 spiritualis:
2108 640 2281 738 aliter
2327 657 2468 699 vero
2500 640 2665 717 apud

543 743 846 815 homines,
920 743 1059 817 quia
1104 741 1374 799 homines
1429 748 1553 800 tam
1607 744 1669 799 in
1723 741 1940 799 mundo
2003 741 2303 817 spirituali
2356 759 2536 817 quam
2601 744 2662 799 in

544 842 765 901 mundo
814 841 1072 900 naturali
1123 848 1262 899 sunt
1278 862 1293 915 3
1345 841 1433 900 illi
1473 841 1668 918 quoad
1722 844 1995 918 spiritum
2057 859 2234 899 suum
2289 841 2665 900 incalescunt

544 959 794 1020 prorsus
825 941 1155 1000 secundum
1192 959 1427 1000 amores
1465 959 1639 1013 suOS,
1679 948 1741 1000 at
1782 941 1979 1018 quoad
2016 959 2233 1017 corpus
2274 959 2349 1000 ex
2385 949 2661 1017 utroque,

544 1050 666 1102 tam
694 1060 768 1101 ex
797 1043 996 1101 calore
1033 1043 1279 1118 spiritus
1314 1045 1423 1115 sui,
1472 1060 1651 1118 quam
1696 1060 1770 1100 ex
1800 1042 1999 1101 calore
2029 1043 2260 1117 mundi3
2319 1043 2511 1100 influit
2560 1041 2661 1100 ille

546 1146 609 1203 in
658 1144 851 1216 hunc,
925 1145 1065 1218 quia
1117 1143 1604 1219 correspondent.
1710 1142 1921 1218 Qualis
1979 1142 2514 1218 correspondentia
2568 1148 2664 1201 est

547 1246 859 1320 utriusque
899 1243 1145 1317 caloriS,
1197 1250 1471 1302 constare
1509 1249 1711 1319 potest
1748 1260 1822 1301 ex
1858 1243 2261 1316 Animalibus,
2305 1241 2463 1318 quod
2491 1260 2662 1301 amo-

545 1363 645 1405 res
685 1345 954 1416 illorum,
1007 1360 1258 1419 quorum
1309 1344 1673 1418 praecipuus
1717 1351 1808 1402 est
1859 1344 2215 1418 procreandi
2250 1343 2518 1401 sobolem
2570 1345 2664 1401 sui

546 1448 816 1522 generiS,
888 1450 1202 1519 erumpant
1262 1450 1321 1500 et
1383 1450 1707 1519 operentur
1760 1444 2088 1503 secundum
2145 1446 2547 1520 praesentiam
2603 1451 2664 1503 et

550 1546 836 1603 affluxum
872 1544 1086 1601 caloris
1126 1562 1198 1600 ex
1242 1543 1370 1602 sole
1410 1545 1642 1614 mundi,
1691 1547 1795 1620 qui
1834 1544 1998 1602 calor
2035 1544 2226 1603 solum
2266 1552 2358 1602 est
2392 1551 2663 1620 tempore

548 1648 708 1704 veris
752 1651 813 1702 et
857 1646 1124 1702 aestatis,
1192 1644 1450 1702 Maxime
1486 1644 1808 1716 falluntur,
1874 1647 1974 1720 qui
2016 1644 2266 1703 credunt
2302 1644 2462 1720 quod
2498 1643 2662 1703 calor

543 1746 749 1805 mundi
789 1746 1040 1802 influens
1081 1747 1302 1803 excitet
1342 1762 1608 1818 amoreS,
1664 1763 1780 1803 non
1835 1747 1993 1805 enini
2032 1746 2206 1803 datur
2252 1746 2510 1804 influxus
2548 1762 2659 1802 na-

542 1847 755 1905 turalis
800 1848 861 1903 in
905 1846 1254 1920 spirituale,
1323 1845 1431 1904 sed
1484 1845 1815 1921 spiritualis
1867 1848 1924 1903 in
1966 1845 2275 1919 naturale,
2330 1846 2427 1904 hic
2481 1846 2661 1903 influ-

540 1964 655 2006 xus
709 1965 784 2006 ex
832 1947 1035 2006 ordine
1086 1947 1307 2005 Divino
1363 1953 1488 2015 est,
1555 1946 1655 2005 ille
1716 1954 1917 2006 autem
1970 1954 2177 2005 contra
2230 1946 2498 2005 ordinem
2545 1947 2659 2004 Di-

538 2050 740 2107 vinum
779 2044 932 2128 (pp).

687 2153 714 2206 1
734 2150 845 2207 36.
901 2149 1010 2205 Est
1037 2147 1286 2222 Angelis
1315 2149 1473 2204 sicut
1499 2147 1842 2206 hominibus
1875 2147 2227 2207 Intellectus
2259 2154 2318 2207 et
2345 2147 2662 2223 Voluntas,

540 2250 724 2306 vitam
760 2247 1109 2306 Intellectus
1147 2247 1383 2304 illorum
1422 2247 1568 2304 facit
1607 2247 1740 2305 Lux
1771 2248 1968 2322 Coeli,
2028 2251 2167 2323 quia
2202 2248 2334 2305 Lux
2373 2249 2527 2306 coeli
2571 2255 2664 2307 est

542 2348 825 2406 Divinum
863 2348 1090 2406 Verum
1132 2356 1190 2406 ct
1231 2347 1366 2406 inde
1405 2347 1629 2405 Divina
1664 2350 1991 2425 sapientia,
2050 2356 2109 2406 et
2149 2351 2332 2407 vitam
2377 2349 2660 2407 volunta-

539 2451 614 2508 tis
667 2449 903 2509 illorum
957 2450 1102 2509 facit
1155 2449 1332 2508 Calor
1381 2448 1561 2523 coeli,
1630 2451 1767 2524 quia
1816 2448 1995 2508 Calor
2037 2449 2190 2508 coeli
2240 2454 2331 2507 est
2378 2451 2663 2508 Divinum

542 2549 773 2610 Bonum
814 2557 874 2610 et
908 2552 1045 2612 inde
1081 2551 1339 2611 Divinus
1379 2569 1576 2610 amor:
1632 2552 1938 2629 ipsissima
1987 2552 2111 2609 vita
2135 2550 2528 2636 fAngelorum
2571 2556 2667 2611 est

541 2669 613 2711 ex
665 2653 911 2724 Calore,
967 2671 1083 2711 non
1139 2660 1339 2712 autem
1393 2670 1466 2710 ex
1510 2652 1709 2721 Luce,
1764 2656 1876 2711 nisi
1920 2659 2204 2727 quantum
2246 2654 2301 2710 ei
2350 2652 2530 2712 Calor
2564 2654 2663 2710 in·

542 2759 669 2827 est3
739 2752 899 2828 quod
936 2756 1062 2811 vita
1106 2756 1185 2811 sit
1238 2771 1310 2811 ex
1360 2753 1574 2813 Colore
1627 2763 1825 2829 patet,
1889 2771 2028 2811 nam
2075 2758 2302 2811 remoto
2347 2753 2451 2812 illo
2500 2753 2667 2829 perit

538 2854 697 2909 vita:
753 2851 944 2909 simile
984 2859 1075 2910 est
1120 2869 1256 2910 cum
1287 2847 1415 2911 'fide
1459 2853 1689 2927 absque
1728 2870 1959 2923 amore,
2012 2870 2121 2912 seu
2158 2870 2293 2911 cum
2330 2871 2475 2913 vero
2517 2853 2663 2912 abs-

540 2968 655 3025 que
692 2950 880 3020 bon0,
938 2968 1075 3008 nam
1118 2969 1327 3010 verum
1374 2952 1535 3027 quod
1577 2953 1717 3011 fidei
1755 2962 2035 3028 vocatur,
2090 2962 2184 3012 est
2228 2954 2393 3028 Lux,
2452 2960 2512 3013 et
2546 2953 2664 3013 bo·

539 3068 680 3108 num
726 3050 885 3126 quod
913 3053 1161 3124 anioriS,
1217 3059 1308 3109 est
1337 3051 1515 3110 Calor
1546 3049 1694 3132 (qq).
1765 3054 1935 3113 Haec
1974 3054 2308 3114 evidentius
2344 3060 2552 3132 patent
2590 3071 2662 3114 ex

556 3205 615 3212 -νη
634 3206 673 3210 ’ἢ
718 3207 727 3210 -
748 3205 962 3212 ι--ο-μ---ύ-

691 3291 823 3360 (pp)
887 3288 1055 3361 Quod
1115 3290 1362 3343 influxus
1418 3291 1743 3362 spiritualis
1787 3292 1891 3352 sit,
1957 3302 2015 3345 et
2055 3310 2174 3345 non
2214 3292 2520 3364 physicus,
2584 3291 2665 3345 ita

539 3365 697 3437 quod
744 3364 988 3419 influxus
1031 3366 1105 3419 sit
1145 3384 1176 3419 e
1217 3367 1511 3438 spirituali
1568 3367 1785 3420 mundo
1841 3368 1900 3420 in
1957 3369 2312 3432 naturalem,
2376 3378 2433 3421 et
2474 3385 2593 3420 non
2633 3386 2665 3422 e

540 3442 790 3497 naturali
828 3442 889 3493 in
932 3442 1311 3514 spiritualem,
1358 3462 1424 3495 n:
1473 3452 1638 3503 3219·
1678 3452 1845 3504 5119.
1886 3451 2054 3504 5259.
2094 3451 2263 3504 5427.
2296 3451 2462 3505 5428.
2495 3451 2663 3504 5477-

538 3526 706 3577 6522·
747 3527 915 3578 9110.
951 3527 1119 3578 9111.

688 3595 820 3666 (qq)
867 3594 1039 3672 Quod
1079 3612 1217 3649 vera
1257 3596 1476 3667 absque
1524 3595 1717 3659 bono,
1762 3612 1881 3647 non
1919 3596 1976 3646 in
2025 3612 2084 3648 se
2137 3596 2252 3648 sint
2290 3612 2461 3658 vera,
2525 3596 2664 3666 quia

534 3686 651 3721 non
711 3669 924 3723 habent
975 3672 1186 3735 vitam,
1251 3674 1437 3723 omnis
1491 3671 1646 3724 enim
1705 3670 1825 3724 vita
1875 3670 2030 3724 veris
2078 3681 2164 3724 est
2220 3689 2286 3724 ex
2334 3670 2527 3733 bone,
2591 3689 2661 3723 n:

535 3752 702 3804 9603.
766 3746 850 3797 Ita
879 3746 1032 3817 quod
1071 3747 1185 3808 sint
1218 3748 1376 3817 quasi
1418 3764 1634 3819 corpus
1671 3746 1891 3818 absque
1919 3746 2128 3809 anima,
2173 3765 2238 3797 n:
2286 3754 2453 3805 3180.
2493 3753 2661 3807 9454.

534 3819 706 3897 Quod
747 3838 885 3873 vera
927 3820 1147 3892 absque
1188 3822 1347 3874 bono
1390 3840 1512 3874 non
1552 3833 1928 3892 acceptentur
1968 3839 1997 3874 a
2043 3823 2330 3883 Domin0‚
2374 3840 2443 3873 n:
2490 3829 2662 3882 4368.

536 3896 719 3971 Quale
763 3913 963 3948 verum
1003 3896 1222 3967 absque
1263 3898 1457 3960 bonu,
1522 3898 1598 3950 ita
1640 3899 1827 3970 qualis
1867 3898 2009 3952 fides
2050 3899 2269 3969 absque
2311 3915 2541 3961 amore,
2607 3909 2667 3952 et

534 3971 704 4042 quale
734 3988 937 4040 verum
975 3988 1041 4023 ex
1075 3972 1256 4035 bone,
1303 3989 1402 4024 seu
1439 3973 1626 4043 qualis
1666 3973 1806 4027 fides
1836 3991 1902 4026 ex
1933 3991 2154 4035 amore,
2199 3992 2254 4025 n:
2300 3981 2466 4034 1949.
2497 3982 2663 4035 1950.

533 4053 700 4107 1951.
746 4053 913 4106 1964.
951 4054 1118 4106 5830.
1151 4053 1316 4106 5951.
1399 4048 1572 4124 Quod
1614 4066 1708 4101 res
1751 4049 1961 4102 eodem
2022 4049 2274 4112 recidat,
2341 4050 2464 4103 sive
2507 4050 2665 4103 dieas

531 4139 736 4175 verum
776 4132 875 4174 aut
910 4122 1112 4185 fidem,
1154 4139 1220 4176 ae
1259 4123 1481 4177 bonum
1523 4135 1622 4178 aut
1662 4142 1957 4188 amorem,
2021 4125 2296 4199 quoniam
2333 4144 2534 4179 verum
2575 4136 2666 4179 est

531 4197 699 4336 ἓξὲξ,
752 4197 1073 4335 ῗὲὃὶἒῗιωηι
1109 4209 1199 4252 est
1231 4199 1478 4263 amoris,
1541 4219 1612 4254 n:
1656 4209 1824 4261 2839·
1869 4209 2037 4264 4353.
2078 4211 2246 4265 4997.
2286 4210 2451 4261 7178.
2495 4209 2663 4261 7623.

687 4312 699 4326 .
912 4305 956 4333 ,.
