3013 5114
578 420 717 473 ’350
1107 435 1113 440 ·
1223 408 1319 462 DE
1362 407 1603 463 COELO
1645 406 1742 463 ET
1779 404 2122 464 INFERNO.

607 589 783 650 quam
819 577 915 630 est
950 571 1005 629 ei
1042 568 1259 645 aliquis
1296 564 1587 628 terminus
1636 583 1747 628 seu
1792 565 1959 643 finis3
2013 565 2131 626 hoc
2174 563 2326 624 latet
2360 566 2740 626 reconditum

608 677 669 732 in
712 672 1044 748 unoquovis
1083 673 1186 746 qui
1219 672 1279 728 in
1321 686 1524 729 amore
1566 671 1661 728 sui
1697 674 1823 741 est,
1880 668 2120 727 tametsi
2159 683 2282 725 non
2324 672 2496 743 patet
2533 684 2740 728 coram

605 772 859 848 mundo,
900 772 1003 831 ubi
1044 788 1182 831 eum
1219 772 1378 831 dicta
1414 770 1655 829 vincula
1688 771 1995 829 retinent·
2057 766 2233 845 Quod
2268 768 2353 826 ita
2388 769 2494 843 sit,
2559 785 2737 829 nemo

602 892 724 935 non
751 874 916 934 videt
944 873 1109 951 apud
1134 871 1419 933 Potentes
1457 877 1518 930 et
1550 871 1779 949 Reges,
1833 869 2050 946 quibus
2091 887 2210 928 non
2247 869 2393 928 talia
2426 869 2639 930 fraena
2673 878 2740 930 et

603 974 845 1036 vincula
890 982 1061 1049 sunt,
1126 976 1230 1051 qui
1272 978 1480 1047 ruunt,
1540 978 1603 1031 et
1649 970 1978 1048 subjugant
2028 971 2377 1030 Provincias
2414 976 2477 1030 et
2501 970 2737 1049 Regna,

608 1083 891 1154 quantum
927 1075 1049 1135 illis
1091 1073 1391 1148 succedit,
1451 1079 1514 1132 et
1557 1072 1868 1149 adspirant
1901 1071 1978 1131 ad
2018 1072 2347 1149 potentiam
2384 1079 2446 1131 et
2479 1072 2738 1149 gloriam

602 1178 762 1237 ultra
806 1176 1060 1236 limites:
1117 1175 1278 1252 quod
1312 1178 1397 1233 ita
1441 1176 1549 1249 sit,
1607 1173 1801 1232 adhuc
1846 1173 2224 1232 manifestius
2265 1178 2438 1247 patet
2481 1173 2562 1232 ab
2595 1173 2732 1233 Ho-

605 1279 814 1338 dierna
852 1277 1216 1354 Babylonia,
1283 1292 1438 1353 quae
1490 1275 1856 1334 dominatum
1901 1272 2168 1333 extendit
2216 1275 2277 1332 in
2329 1271 2614 1349 Coelum,
2673 1282 2739 1334 et

610 1396 847 1439 omnem
897 1379 1235 1438 Potentiam
1280 1377 1561 1436 Divinam
1597 1374 1840 1436 Domini
1884 1376 1946 1433 in
1989 1390 2058 1434 se
2106 1371 2438 1450 transtulit,
2487 1382 2549 1434 et
2584 1391 2734 1435 con·

605 1483 769 1538 tinne
812 1480 978 1555 cupit
1005 1479 1180 1537 ultra.
1273 1476 1449 1553 Quod
1484 1478 1640 1536 tales
1679 1479 1800 1537 sint
1832 1491 2081 1553 prorsus
2117 1482 2326 1536 contra
2358 1474 2645 1535 Divinum
2675 1482 2738 1536 et

606 1586 815 1639 contra
851 1579 1131 1653 coelum,
1180 1584 1242 1638 et
1274 1595 1385 1655 pro
1424 1578 1696 1654 Inferno,
1746 1595 1880 1636 cum
1920 1583 2063 1654 post
2095 1582 2349 1636 mortem
2385 1577 2445 1635 in
2474 1576 2735 1637 alteram

601 1682 795 1739 vitam'
829 1681 1103 1754 veniunt,
1159 1679 1436 1739 videatur
1474 1681 1537 1739 in
1582 1678 1891 1757 Opusculo
1942 1677 2017 1738 de
2065 1676 2288 1740 Ultimo
2336 1677 2613 1748 Judicio‚
2668 1686 2734 1739 et

606 1780 682 1841 de
727 1779 1068 1858 Babylonia
1104 1781 1428 1841 destructa.

764 1884 923 1944 560.
997 1882 1157 1943 Siste
1194 1882 1301 1941 tibi
1343 1882 1605 1959 aliquam
1652 1882 2003 1940 societatem
2046 1898 2121 1940 ex
2157 1880 2418 1956 talibus,
2475 1897 2733 1957 quorum

602 2000 809 2043 omnes
858 2001 925 2043 se
981 1985 1175 2043 solum
1222 1990 1457 2054 amant,
1517 1988 1577 2042 et
1630 1999 1748 2041 non
1803 1981 1953 2041 alios
2010 1983 2124 2040 nisi
2182 1988 2469 2059 quantum
2523 1998 2734 2042 secum

601 2102 789 2143 unum
837 2085 1087 2159 faciunt,
1154 2091 1215 2144 et
1266 2083 1499 2143 videbis
1552 2083 1711 2159 quod
1749 2100 1917 2141 amor
1963 2082 2199 2142 illorum
2247 2101 2366 2141 non
2423 2083 2581 2142 alius
2630 2086 2728 2158 sit,

604 2202 783 2259 quam
828 2186 985 2243 sicut
1028 2202 1195 2243 amor
1241 2183 1616 2260 praedonum
1665 2186 1821 2242 inter
1860 2200 1958 2259 se,
2017 2185 2118 2259 qui
2154 2189 2439 2261 quantum
2477 2185 2731 2261 conjun-

601 2286 740 2342 ctim
788 2290 1004 2360 agunt,
1080 2302 1147 2343 se
1202 2284 1551 2343 osculantur
1603 2290 1664 2342 et
1716 2286 1942 2343 amicos
2000 2291 2248 2352 vocant,
2318 2290 2378 2342 at
2440 2291 2732 2362 quantum

600 2401 720 2444 non
768 2385 1131 2462 conjunctim
1178 2392 1394 2463 agunt,
1461 2392 1521 2443 et
1574 2392 1865 2463 quantum
1917 2385 2277 2444 dominatum
2333 2400 2539 2446 eorum
2585 2387 2730 2464 reji-

603 2487 797 2561 ciunt,
851 2489 1086 2545 irruunt
1123 2493 1182 2546 et
1219 2485 1552 2545 trucidant:
1591 2488 1644 2545 si
1673 2485 2062 2563 explorantur
2096 2489 2412 2562 interiora,
2452 2504 2563 2546 seu
2593 2488 2727 2545 ani-

602 2591 681 2646 mi
721 2607 956 2662 eorum,
1015 2588 1362 2667 apparebit,
1405 2587 1565 2664 quod
1601 2587 1766 2664 pleni
1804 2590 1922 2647 sint
1956 2588 2160 2647 hostili
2189 2587 2356 2660 odio,
2390 2606 2545 2648 unus
2583 2606 2730 2648 con-

597 2695 694 2747 tra
729 2689 1017 2764 alterum,
1076 2697 1137 2749 et
1174 2689 1335 2766 quod
1371 2688 1447 2747 ad
1496 2706 1671 2747 omne
1710 2689 1944 2766 justum
1987 2694 2047 2748 et
2087 2690 2386 2749 sincerum
2425 2690 2606 2748 corde
2640 2691 2728 2748 ri-

599 2789 810 2865 deant,
852 2797 911 2849 et
953 2807 1192 2867 quoque
1230 2790 1308 2848 ad
1342 2790 1646 2864 Divinum,
1692 2788 1855 2864 quod
1888 2792 2045 2847 sicut
2072 2789 2239 2849 nihili
2265 2791 2573 2867 rejiciunt:
2610 2790 2728 2851 hoc

595 2896 875 2950 constare
918 2890 1114 2949 adhuc
1155 2891 1369 2950 melius
1406 2896 1610 2967 potest
1642 2907 1717 2949 ex
1752 2889 2144 2949 societatibus
2183 2908 2390 2950 eorum
2436 2892 2497 2949 in
2530 2889 2728 2951 Infer-

596 2989 691 3046 nis
703 3032 721 3064 ‚
772 2989 848 3046 de
887 2990 1101 3065 quibus
1137 2992 1309 3051 infra.

753 3088 913 3148 561.
981 3089 1309 3166 Interiora,
1378 3075 1533 3166 quae
1581 3097 1720 3150 sunt
1765 3093 2190 3168 cogitationum
2239 3098 2300 3152 et
2343 3092 2724 3152 affectionum

591 3205 798 3248 eornm
844 3192 946 3267 qui
993 3206 1060 3249 se
1098 3207 1284 3267 supra
1331 3193 1529 3249 omnia
1574 3198 1799 3265 amant,
1869 3209 2049 3254 versa
2103 3200 2245 3251 sunt
2289 3181 2368 3251 ad
2413 3210 2480 3253 se
2525 3198 2588 3251 et
2637 3193 2718 3251 ad

589 3290 899 3365 mundum,
965 3293 1049 3350 ita
1088 3307 1305 3350 aversa
1340 3309 1377 3350 a
1412 3291 1670 3351 Domino
1713 3300 1772 3350 et
1822 3310 1860 3351 a
1916 3292 2099 3352 Coelo
2115 3313 2129 3366 3
2194 3293 2329 3353 inde
2377 3300 2496 3370 est,
2552 3292 2716 3370 quod

587 3393 843 3455 obsessa
886 3395 1005 3452 sint
1053 3395 1242 3452 omnis
1291 3395 1530 3470 generis
1575 3393 1785 3468 malis,
1844 3401 1905 3452 et
1946 3394 2105 3471 quod
2141 3395 2423 3453 Divinum
2466 3412 2587 3453 non
2620 3398 2717 3453 in-

587 3495 777 3554 fluere
812 3497 1006 3572 possit
1019 3516 1035 3570 3
1088 3497 1228 3571 quia
1261 3494 1421 3554 illico
1458 3499 1527 3553 ut
1562 3495 1788 3569 influit,
1843 3496 2216 3573 immergitur
2256 3494 2718 3572 cogitationibus

588 3595 664 3654 de
703 3612 801 3670 se,
844 3602 904 3655 et
940 3603 1403 3672 conspurcatur‚
1446 3603 1509 3655 et
1545 3613 1784 3678 quoque
1823 3595 2149 3656 infunditur
2182 3596 2356 3654 malis
2394 3613 2549 3672 quae
2577 3602 2721 3655 sunt

587 3711 663 3753 ex
699 3699 943 3772 proprio
987 3696 1259 3756 illorum:
1313 3696 1450 3756 inde
1502 3702 1626 3767 est,
1686 3695 1843 3771 quod
1889 3713 2094 3755 omnes
2133 3696 2220 3755 illi
2265 3699 2327 3755 in
2367 3697 2558 3756 altera
2592 3698 2719 3755 vita

586 3799 749 3852 retro
797 3813 834 3852 a
878 3795 1135 3856 Domino
1190 3802 1500 3874 spectent,
1570 3804 1631 3857 et
1679 3796 1755 3855 ad
1802 3795 2195 3873 caliginosum
2250 3797 2409 3872 quod
2451 3796 2533 3855 ibi
2581 3797 2718 3856 loco

587 3892 734 3951 solis
770 3895 977 3953 mundi
1012 3905 1134 3971 est,
1192 3905 1252 3957 et
1289 3897 1448 3973 quod
1491 3915 1525 3957 e
1567 3898 1859 3957 diametro
1889 3900 2232 3975 oppositum
2271 3904 2364 3958 est
2389 3897 2522 3972 Soli
2549 3896 2720 3956 Coeli

588 3992 694 4069 qui
732 3999 827 4051 est
852 3994 1178 4068 DominuS,
1229 3997 1511 4055 videatur
1537 4014 1726 4073 supra
1762 4017 1830 4057 n:
1871 4000 2042 4058 123:
2096 3998 2289 4077 caligo
2321 4001 2502 4059 etiam
2530 3999 2720 4077 signi-

587 4091 730 4153 ficat
769 4092 1026 4168 malum,
1073 4100 1132 4154 ot
1171 4096 1264 4154 sol
1300 4096 1505 4155 mundi
1545 4091 1810 4158 ainorem
1850 4101 1946 4159 sui
1976 4094 2084 4180 (ii).

740 4315 835 4380 (ii)
882 4312 1042 4379 Quod
1090 4314 1175 4367 sol
1221 4313 1415 4367 mundi
1463 4315 1748 4386 significet
1788 4334 2048 4372 amorem
2093 4319 2218 4381 sui,
2289 4337 2355 4371 n:
2402 4325 2571 4380 2441.
2657 4319 2724 4370 In
