3013 5114
905 405 1054 462 LUX
1101 406 1196 462 ΕΤ
1239 407 1479 462 CALOR
1518 407 1590 461 IN
1634 407 1887 463 COELO.
2379 420 2449 470 69

325 585 444 646 quo
492 565 746 644 Angelis
796 565 1167 638 intellectuS,
1236 573 1296 625 et
1340 566 1681 626 intellectus
1730 571 1824 626 est
1869 569 2037 625 visus
2101 582 2306 625 eorum
2353 568 2450 627 in-

320 676 557 743 ternus,
626 669 727 743 qui
772 667 963 725 influit
1012 670 1075 726 in
1136 668 1332 726 visum
1385 685 1595 726 eorum
1651 673 1993 741 externum,
2071 673 2132 725 et
2172 667 2452 743 producit

317 769 518 845 illum3
572 767 712 827 inde
749 786 906 849 quae
944 775 1237 845 apparent
1283 770 1344 826 in
1395 767 1579 827 Coelo
1633 785 1669 825 a
1724 767 1981 827 Domino
2025 774 2093 827 ut
2154 766 2323 844 Sole,
2387 770 2448 827 in

318 870 487 930 Luce
551 875 849 946 apparent
893 864 1038 950 (gg).
1131 868 1288 944 Quia
1337 869 1475 928 inde
1533 871 1697 944 origo
1751 868 1931 927 Lucis
1986 877 2080 927 est
2131 871 2191 927 in
2241 868 2443 945 Coe10‚

319 970 455 1029 ideo
510 973 781 1029 variatur
830 969 937 1027 illa
995 970 1077 1028 ibi
1131 970 1462 1028 secundum
1509 971 1917 1044 receptionem
1961 969 2168 1029 Divini
2217 969 2365 1029 Veri
2408 988 2445 1028 a

316 1070 608 1146 Domino,
686 1086 798 1129 seu
863 1069 1022 1147 quod
1079 1071 1264 1146 idem,
1330 1070 1660 1130 secundum
1722 1069 2176 1145 intelligentiam
2227 1076 2287 1129 et
2334 1088 2437 1129 sa-

317 1173 636 1250 pientiam,
711 1172 773 1228 in
839 1189 959 1247 qua
1008 1177 1146 1229 sunt
1208 1171 1460 1248 Angeli:
1543 1171 1662 1228 alia
1713 1171 1914 1245 itaque
1966 1175 2059 1229 est
2124 1172 2186 1228 in
2232 1170 2441 1248 Regno

319 1271 571 1331 coelesti
609 1288 785 1347 quam
821 1273 882 1330 in
908 1271 1116 1349 Regno
1154 1272 1471 1347 spirituali,
1515 1279 1574 1330 et
1611 1271 1730 1329 alia
1756 1273 1816 1329 in
1860 1271 2191 1347 unaquavis
2231 1269 2439 1331 Socie-

318 1380 441 1432 tate
457 1393 473 1448 3
529 1373 661 1431 Lux
697 1373 759 1430 in
792 1372 1002 1447 Regno
1040 1372 1288 1432 coelesti
1336 1379 1596 1449 apparet
1646 1373 1948 1445 flammea,
2020 1374 2162 1447 quia
2203 1371 2438 1448 AngeH,

320 1476 423 1550 qui
459 1473 573 1546 ibi,
635 1474 932 1550 recipiunt
983 1472 1207 1532 Lucem
1256 1493 1293 1532 a
1327 1474 1585 1532 Domino
1640 1481 1707 1532 ut
1751 1472 1890 1532 Sole
1904 1493 1920 1546 3
1975 1473 2108 1531 Lux
2145 1478 2345 1532 autem
2381 1475 2441 1531 in

316 1574 531 1652 Regno
570 1573 872 1650 spirituali
908 1580 1002 1633 est
1039 1575 1317 1646 candida,
1373 1576 1516 1650 quia
1549 1566 1798 1651 Angeli,
1852 1576 1951 1649 qui
1986 1574 2093 1647 ibi,
2144 1574 2442 1650 recipiunt

318 1675 516 1735 lucem
554 1692 591 1732 a
626 1674 883 1733 Domino
921 1682 986 1732 ut
1010 1674 1201 1746 Luna,
1239 1677 1515 1735 videatur
1551 1692 1736 1751 supra
1771 1693 1841 1733 n:
1888 1677 1917 1731 1
1942 1677 2055 1747 183
2096 1674 2226 1732 Lux
2258 1676 2439 1734 etiam

315 1792 435 1834 non
473 1774 683 1833 similis
723 1783 816 1835 est
852 1777 953 1833 uni
992 1774 1280 1835 Societati
1328 1793 1482 1852 quae
1523 1774 1729 1851 alteri3
1784 1777 1847 1832 in
1886 1777 2094 1849 quavis
2135 1774 2440 1836 Societate

321 1878 502 1935 etiam
554 1874 777 1949 differt,
839 1878 901 1933 in
947 1876 1173 1951 majore
1225 1875 1361 1934 luce
1413 1875 1498 1933 ibi
1542 1881 1681 1932 sunt
1735 1877 1835 1949 qui
1888 1876 1948 1931 in
1986 1874 2211 1948 medi0,
2272 1883 2330 1934 et
2376 1878 2439 1935 in

317 1978 543 2035 minore
583 1978 685 2052 qui
721 1978 974 2050 circum,
1033 1976 1310 2035 videatur
1347 1995 1416 2034 n:
1460 1978 1574 2035 43.
1632 1973 1855 2046 Verbo,
1897 1976 1958 2031 in
1989 1974 2197 2033 eodem
2225 1970 2434 2052 gradu,

318 2095 436 2155 quo
475 2076 697 2154 Angeli
732 2084 871 2136 sunt
906 2080 1287 2154 receptiones
1324 2077 1526 2134 Divini
1563 2075 1744 2149 Veri,·
1796 2075 1910 2132 hoe
1948 2080 2073 2148 est,
2112 2076 2173 2132 in
2209 2074 2433 2136 intelli-

317 2181 525 2256 gentia
562 2183 622 2236 et
655 2180 953 2254 sapientia
989 2196 1025 2236 a
1060 2178 1347 2254 Domino,
1390 2185 1482 2237 est
1516 2176 1634 2237 illis
1670 2176 1775 2235 lux
1816 2172 1976 2257 (hh):
2032 2167 2248 2252 Angeli
2284 2176 2436 2238 coeli

314 2279 453 2338 inde
491 2285 785 2338 vocantur
820 2279 1036 2354 Angeli
1070 2279 1241 2338 lucis.

473 2381 631 2438 129,
690 2378 848 2454 Quia
883 2379 1175 2439 Dominus
1224 2382 1285 2439 in
1338 2377 1536 2438 Coelis
1592 2386 1686 2438 est
1735 2380 2021 2438 Divinum
2056 2378 2315 2454 Verum,
2373 2389 2431 2439 et

196 2478 220 2500 ‘
314 2479 603 2540 Divinum
637 2479 865 2539 Verum
915 2481 1000 2539 ibi
1036 2487 1127 2539 est
1161 2481 1327 2554 Lux,
1384 2480 1522 2538 ideo
1570 2481 1865 2538 Dominus
1910 2481 1970 2536 in
2007 2478 2211 2537 Verbo
2247 2496 2431 2539 voea-

313 2591 412 2640 tur
447 2581 612 2654 Lux,
666 2584 895 2657 pariter
943 2600 1114 2642 omne
1153 2581 1379 2640 Verum
1419 2580 1578 2657 quod
1616 2581 1691 2638 ab
1727 2580 1903 2655 Ipso3
1955 2582 2022 2637 ut
2072 2581 2133 2636 in
2168 2595 2430 2655 sequen-

311 2683 472 2742 tibus
517 2682 610 2740 his
648 2682 831 2755 lociS‚
902 2681 1143 2757 „Jesus
1183 2680 1389 2754 dixit,
1445 2679 1597 2758 Eyo
1639 2699 1784 2740 sum
1817 2677 1975 2739 Lux
2016 2677 2269 2755 mundi,
2324 2681 2436 2759 qui·

313 2783 602 2865 sequitur
642 2780 749 2841 Me
786 2801 910 2843 non
947 2779 1296 2843 ambulabit
1330 2781 1400 2841 in
1455 2779 1750 2854 tenebris,
1806 2779 1918 2839 sed
1955 2778 2196 2840 habebit
2235 2779 2434 2843 lucem

310 2883 548 2957 vitae‚“
615 2883 768 2942 Joh:
809 2883 986 2943 VIII:
1034 2888 1142 2942 12.
1230 2880 1617 2958 „Quamdiu
1657 2880 1728 2941 in
1771 2879 2005 2942 mundo
2046 2900 2219 2957 sum,
2275 2882 2433 2945 Luce

310 2983 541 3045 mundi
603 3002 777 3056 sum,
858 2985 1011 3044 Joh:
1063 2984 1186 3043 IX:
1263 2985 1322 3043 5.
1410 2981 1609 3043 Jeaus
1666 2980 1874 3058 davit,
1937 3001 2180 3062 parum
2222 2983 2433 3046 adhue

306 3083 468 3147 Iasae
514 3084 835 3145 vobiscum
881 3092 1003 3157 eet,
1060 3081 1380 3146 ambulate
1418 3082 1574 3143 dum
1613 3082 1851 3144 Lucem
1892 3082 2154 3158 habeti-9,
2209 3105 2286 3146 ne
2321 3105 2434 3146 vos

308 3186 591 3248 tenebrae
617 3185 1140 3263 comprehendant
1158 3208 1177 3245 .·
1233 3204 1374 3245 eum
1401 3190 1496 3245 est
1526 3184 1698 3245 vobis
1724 3183 1899 3259 Lux,
1931 3183 2165 3246 credite
2189 3188 2260 3247 2⁶22
2285 3185 2426 3246 Lu-

308 3304 470 3360 cem,
525 3292 600 3346 ut
629 3284 771 3367 filii
807 3285 1011 3347 Lucis
1046 3286 1217 3361 sitis,
1291 3284 1442 3366 Eyo
1480 3283 1641 3347 Luoe
1682 3285 1751 3345 in
1790 3283 2102 3344 mundum
2143 3288 2310 3360 veni,
2357 3291 2431 3347 ut

305 3385 597 3466 quisqu-2⁹3
632 3385 837 3447 eredit
862 3387 934 3447 in
977 3384 1115 3462 Me,
1164 3386 1234 3446 in
1272 3386 1537 3448 tenebris
1578 3405 1702 3447 non
1733 3390 2017 3456 maneat,
2074 3388 2227 3447 Joh:
2271 3386 2426 3444 XII:

316 3489 428 3547 35.
467 3489 578 3547 36.
614 3490 727 3547 46.
782 3485 940 3548 Luoe
970 3487 1235 3549 venitin
1262 3486 1601 3561 mundum,
1658 3484 1771 3545 sed
1810 3491 2185 3547 amaverunt
2220 3485 2424 3547 homi-

306 3605 416 3648 nes
457 3587 742 3649 tenebras
777 3587 1004 3668 potius
1040 3607 1232 3667 quam
1273 3585 1503 3662 lucem,
1556 3587 1706 3646 Joh:
1743 3586 1867 3644 III:
1918 3587 2026 3647 19.
2115 3587 2426 3647 Johannes

460 3788 587 3860 (gg)
651 3786 817 3852 Quod
872 3788 1000 3839 Lux
1056 3787 1203 3840 coeli
1262 3786 1549 3839 illuminet
1600 3785 1954 3857 Angelorum
2007 3793 2064 3837 et
2104 3782 2424 3855 Spirituum

306 3873 365 3916 et
408 3864 596 3916 visum
639 3874 696 3916 et
738 3863 1125 3926 intellectum,
1170 3882 1236 3915 n:
1281 3872 1449 3925 2776.
1491 3869 1660 3922 3138.

460 3940 588 4005 (hh)
634 3938 799 4004 Quod
839 3942 960 3992 Lux
1007 3939 1063 3991 in
1117 3939 1300 3991 Coelo
1349 3956 1408 3992 se
1460 3939 1668 3992 habeat
1714 3936 2028 3991 secundum
2070 3933 2425 4007 Angelorum

303 4013 747 4087 intelligentiam
783 4025 840 4068 et
880 4015 1242 4086 sapientiam,
1286 4034 1355 4068 n:
1401 4022 1569 4075 1524.
1610 4021 1779 4076 1529.
1820 4021 1990 4074 1530.
2035 4021 2200 4074 3339.
2260 4009 2425 4076 Quod

302 4090 476 4143 Lucis
518 4091 887 4145 differentiae
938 4092 995 4143 in
1037 4091 1232 4144 Coelis
1281 4091 1523 4144 totidem
1565 4092 1709 4154 sint,
1776 4099 1920 4162 quot
1963 4090 2269 4142 societates
2317 4087 2422 4138 An-

305 4166 546 4236 gelicae‚
592 4169 865 4239 quoniam
908 4177 1224 4237 perpetuae
1251 4168 1561 4221 varietates
1605 4165 1794 4240 quoad
1837 4166 2057 4219 bonum
2100 4174 2157 4218 et
2196 4179 2420 4223 verum,

302 4241 383 4294 ita
429 4243 621 4313 quoad
665 4243 1003 4314 sapientiam
1048 4254 1105 4296 et
1148 4244 1611 4315 intelligentiam,
1657 4242 1880 4296 suntin
1922 4241 2135 4303 coelis,
2181 4257 2247 4290 nt
2291 4245 2423 4299 684.

308 4324 438 4378 690.
478 4324 649 4380 3241·
691 4327 859 4381 3744.
906 4327 1071 4381 3745·
1116 4327 1283 4382 4414·
1330 4328 1495 4381 5598.
1539 4328 1704 4380 7236.
1752 4326 1914 4379 7833·
1953 4324 2117 4376 7836·
