3013 5114
644 445 751 496 306
1255 430 1345 484 DE
1388 429 1627 484 COELO
1671 428 1764 483 ET
1805 427 2140 484 INFERNO.

641 594 896 655 civiliter
939 609 1070 651 cum
1120 590 1238 650 illis
1278 593 1430 668 agit:
1487 591 1648 667 quod
1686 592 1772 650 ita
1819 592 1931 662 sit,
1986 590 2277 666 apprimis
2311 594 2517 648 notum
2559 594 2657 649 est
2689 606 2768 649 ex

641 692 1088 756 simulatoribus
1132 698 1193 751 et
1232 692 1744 767 assentatoribus,
1802 693 1903 767 qui
1938 707 2191 768 prorsus
2227 689 2405 748 aliter
2439 690 2771 766 loquuntur

643 803 703 857 et
750 800 967 873 agunt,
1039 811 1218 871 quam
1267 796 1533 871 cogitant
1580 799 1640 852 et
1681 792 1927 853 volunt:
1996 797 2057 851 et
2106 807 2181 850 ex
2226 790 2591 868 hypocritis,
2657 792 2770 869 qui

639 897 968 974 loquuntur
1003 896 1078 955 de
1113 896 1277 964 Deo,
1330 894 1404 953 de
1443 893 1663 969 Coelo,
1729 895 1803 953 de
1840 893 2037 953 salute
2075 894 2439 962 animarum,
2492 892 2566 951 de
2600 893 2765 952 veris

640 997 985 1074 Ecclesiae,
1022 997 1097 1057 de
1133 977 1305 1055 bonis
1340 997 1614 1070 Patriae,
1668 1001 1728 1053 et
1762 995 1838 1054 de
1873 993 2182 1068 Proxime,
2233 996 2393 1053 sieut
2429 1011 2504 1053 ex
2542 993 2657 1052 fide
2699 1001 2766 1053 et

642 1115 876 1170 amore,
929 1115 1061 1158 cum
1111 1104 1311 1156 tamen
1362 1097 1541 1157 corde
1589 1095 1750 1154 aliud
1788 1096 2069 1168 credunt,
2122 1112 2192 1154 ac
2228 1112 2295 1153 se
2340 1095 2504 1154 solos
2539 1099 2763 1154 amant.

641 1199 729 1259 Ex
771 1199 866 1259 his
914 1207 1191 1261 const-are
1238 1204 1475 1274 potest,
1542 1198 1702 1275 quod
1748 1198 1925 1256 binae
1983 1195 2391 1273 Cogitationes
2441 1197 2588 1271 sint,
2644 1213 2770 1255 una

643 1302 905 1362 exterior
957 1307 1017 1361 et
1057 1300 1249 1359 altera
1283 1301 1562 1371 interior,
1628 1305 1689 1358 et
1733 1298 1893 1374 quod
1941 1315 2013 1357 ex
2061 1298 2420 1374 cogitatione
2468 1298 2765 1357 exteriore

641 1401 993 1479 loquantur,
1032 1406 1092 1460 et
1128 1417 1200 1460 ex
1237 1402 1596 1475 cogitatione
1634 1402 1918 1459 interiore
1955 1398 2119 1457 aliud
2154 1400 2448 1472 sentiant,
2503 1414 2574 1458 ac
2601 1397 2768 1475 quod

643 1504 820 1561 binae
858 1501 1001 1561 illae
1038 1502 1429 1577 cogitationes
1467 1507 1792 1576 separatae
1830 1501 1979 1574 sint,
2035 1516 2173 1557 nam
2209 1508 2458 1560 cavetur
2497 1516 2573 1558 ne
2607 1503 2767 1560 inte-

641 1605 762 1661 rior
804 1603 1008 1661 inssuat
1057 1604 1116 1660 in
1159 1604 1547 1675 exteriorem,
1612 1608 1673 1659 et
1719 1601 1920 1678 aliquo
1957 1600 2134 1659 modo
2172 1607 2484 1677 appareat.
2563 1600 2766 1660 Homo

641 1720 717 1762 ex
759 1705 1062 1763 creatione
1111 1702 1248 1775 talis
1296 1709 1417 1777 est,
1483 1708 1549 1759 ut
1585 1704 1830 1761 interior
1873 1702 2153 1778 cogitatio
2206 1719 2391 1761 unum
2432 1707 2574 1778 agat
2623 1718 2764 1761 cum

642 1808 937 1863 exteriore
973 1822 1083 1882 per
1119 1803 1711 1881 correspondentiam
1726 1824 1743 1880 3
1801 1808 1862 1862 et
1912 1792 2150 1879 quoque
2205 1820 2392 1861 unum
2443 1804 2567 1879 agit
2601 1800 2770 1879 apud

638 1904 775 1964 illos
813 1908 915 1981 qui
949 1907 1009 1964 in
1043 1906 1201 1964 bono
1236 1912 1401 1981 sunt,
1439 1923 1579 1963 nam
1612 1904 1702 1963 illi
1736 1922 1854 1963 non
1880 1906 1994 1962 nisi
2031 1920 2212 1980 quam
2246 1902 2473 1962 bonum
2500 1904 2770 1980 cogitant

643 2012 703 2065 et
729 2006 950 2066 bonum
989 2007 1346 2083 loquuntur3
1403 2013 1466 2064 at
1489 2024 1636 2066 vero
1665 2004 1827 2083 apud
1860 2005 1996 2065 illos
2027 2006 2126 2081 qui
2164 2007 2225 2063 in
2262 2005 2420 2064 malo
2455 2009 2625 2079 sunt,
2664 2006 2765 2062 in·

639 2109 822 2166 terior
862 2110 1143 2184 cogitatio
1184 2124 1303 2165 non
1339 2125 1522 2165 unum
1562 2110 1686 2183 agit
1715 2123 1847 2167 cum
1885 2107 2216 2176 exteriore,
2268 2124 2406 2165 nam
2441 2106 2505 2165 hi
2540 2103 2768 2164 malum

641 2208 904 2282 cogitant
954 2215 1013 2265 et
1051 2207 1374 2283 loquuntur
1425 2207 1677 2283 bonum3
1748 2207 1909 2284 apud
1960 2205 2073 2266 hos
2123 2209 2395 2267 inversus
2451 2213 2544 2267 est
2594 2205 2766 2281 ordo,

640 2323 776 2363 nam
812 2304 1031 2364 bonum
1069 2306 1233 2382 apud
1277 2323 1381 2365 eos
1430 2314 1524 2366 est
1574 2314 1776 2381 extra,
1832 2323 1903 2365 ac
1949 2308 2173 2366 malum
2223 2310 2409 2384 intra3
2480 2307 2621 2371 inde
2671 2312 2772 2367 est
2835 2374 2852 2381 ό

642 2404 802 2484 quod
852 2408 1073 2465 malum
1123 2407 1462 2467 dominetur
1510 2424 1698 2485 super
1744 2408 1997 2484 bonum,
2056 2414 2117 2467 et
2162 2407 2279 2468 hoc
2323 2409 2440 2468 sibi
2485 2407 2772 2485 subjiciat

640 2510 797 2570 sicut
834 2523 1109 2583 servum,
1149 2514 1217 2568 ut
1249 2511 1539 2569 inserviat
1576 2509 1691 2569 sibi
1724 2526 1834 2587 pro
1861 2509 2057 2570 medio
2090 2509 2166 2569 ad
2204 2509 2556 2571 obtinendos
2591 2507 2765 2586 fines,

644 2613 919 2686 quisunt
968 2613 1188 2670 amoris
1237 2610 1508 2688 illorum3
1568 2618 1628 2670 et
1664 2613 1805 2687 quia
1850 2611 1987 2671 talis
2033 2610 2167 2670 finis
2213 2615 2371 2670 inest
2411 2613 2568 2672 bono
2605 2610 2775 2686 quod

641 2713 969 2789 loquuntur
1005 2718 1064 2769 et
1105 2711 1267 2787 quod
1301 2720 1514 2789 agunt,
1570 2717 1774 2789 patet,
1832 2712 1992 2788 quod
2027 2713 2247 2770 bonum
2286 2713 2449 2790 apud
2484 2712 2620 2771 illos
2651 2729 2774 2771 non

643 2815 723 2870 sit
772 2810 1014 2878 bonum.
1064 2812 1174 2871 sed
1224 2813 1514 2872 infectum
1560 2812 1748 2881 male,
1816 2821 2120 2888 utcunque
2169 2815 2228 2871 in
2282 2821 2529 2873 externa
2576 2813 2773 2872 forma

644 2912 806 2988 apud
851 2911 1021 2987 illos,
1077 2914 1177 2988 qui
1214 2931 1334 2972 non
1366 2916 1562 2973 sciunt
1607 2916 1919 2988 interiora,
1975 2920 2232 2990 apparet
2265 2920 2332 2971 ut
2364 2916 2613 2973 bonum:
2653 2912 2771 2972 ali-

643 3022 735 3069 ter
772 3010 933 3088 apud
966 3011 1102 3071 illos
1125 3055 1140 3085 ,
1194 3016 1297 3088 qui
1332 3017 1392 3072 in
1438 3014 1595 3074 bono
1632 3021 1801 3088 sunt,
1857 3014 2019 3092 apud
2053 3014 2164 3074 hos
2202 3032 2319 3073 non
2353 3018 2629 3074 inversus
2673 3020 2770 3074 est

645 3109 820 3186 ordo,
877 3110 986 3169 sed
1031 3110 1253 3169 bonum
1306 3130 1379 3171 ex
1418 3117 1700 3174 interiore
1743 3117 2102 3191 cogitatione
2149 3116 2341 3174 influit
2383 3118 2444 3174 in
2498 3116 2765 3175 exterio·

644 3224 801 3286 rem,
856 3216 920 3271 et
956 3211 1135 3270 sicin
1177 3211 1480 3289 loquelam
1532 3223 1595 3275 et
1632 3216 1692 3272 in
1745 3223 1952 3291 actus;
2007 3215 2106 3276 hic
2156 3215 2320 3276 ordo·
2351 3223 2445 3276 est
2476 3218 2538 3274 in
2587 3232 2768 3292 quem

643 3314 820 3373 homo
869 3319 1107 3371 creatus
1155 3319 1278 3384 cst3
1352 3317 1438 3373 sic
1493 3318 1649 3374 enim
1693 3317 1978 3375 interiora
2025 3333 2229 3378 eorum
2273 3320 2336 3376 in
2380 3315 2564 3377 Coelo
2601 3321 2762 3391 sunt,

643 3417 823 3491 inque
860 3414 994 3472 luce
1031 3413 1141 3487 ibi,
1184 3421 1245 3474 et
1280 3417 1418 3490 quia
1454 3416 1590 3475 Lux
1636 3415 1788 3475 coeli
1831 3422 1924 3475 est
1957 3416 2242 3477 Divinum
2276 3417 2505 3476 Verum
2540 3433 2765 3494 proce·

644 3516 792 3575 dens
832 3534 869 3575 a
901 3514 1187 3591 Domino,
1254 3517 1505 3593 proinde
1557 3523 1650 3577 est
1692 3518 1985 3577 Dominus
2027 3520 2087 3577 in
2129 3517 2342 3593 Coelo,
2393 3537 2460 3577 n:
2511 3519 2646 3576 126
2686 3516 2768 3575 ad

653 3619 813 3692 140,
851 3616 987 3676 ideo
1022 3615 1111 3675 illi
1150 3616 1445 3679 ducuntur
1475 3636 1513 3677 a
1538 3608 1815 3678 Domino.
1890 3616 2060 3678 Haec
2106 3618 2268 3678 dicta
2304 3625 2473 3694 sunt,
2515 3624 2579 3676 ut
2605 3619 2769 3678 scia-

644 3723 742 3773 tur
782 3717 938 3793 quod
987 3720 1176 3778 cuivis
1223 3718 1446 3780 homini
1486 3722 1566 3780 sit
1609 3720 1889 3797 cogitatio
1936 3720 2181 3778 interior
2227 3725 2287 3780 et
2326 3722 2604 3797 cogitatio
2652 3734 2764 3777 ex-

644 3817 857 3891 oerior,
920 3822 981 3875 et
1028 3818 1190 3893 quod
1242 3819 1383 3881 illae
1435 3824 1590 3880 inter
1637 3838 1703 3881 se
1755 3811 2074 3880 distinctae
2119 3823 2254 3880 sint.
2343 3820 2496 3880 Cum
2550 3820 2766 3880 dicitur

647 3917 958 3991 cogitatio,
1032 3916 1380 3994 intelligitur
1436 3921 1975 3994 etiam-voluntas,
2043 3939 2178 3980 nam
2228 3924 2511 3998 cogitatio
2557 3926 2654 3980 est
2688 3936 2771 3979 ex

644 4011 984 4085 voluntate,
1038 4031 1212 4074 nemo
1252 4019 1408 4077 enim
1453 4028 1656 4097 potest
1696 4023 1959 4099 cogitare
1998 4022 2226 4099 absque
2263 4021 2591 4082 voluntate.
2671 4020 2771 4080 Ex

642 4110 738 4173 his
789 4119 991 4189 patet,
1046 4114 1187 4190 quid
1227 4114 1433 4178 Status
1469 4121 1853 4180 Exteriorum
1898 4129 1958 4181 et
2006 4122 2212 4183 Status
2247 4122 2606 4183 Interiorum
2646 4121 2767 4183 ho·-
2821 4167 2826 4174 -

643 4216 835 4275 minis,

807 4317 961 4376 500.
1020 4314 1168 4378 Cum
1207 4317 1423 4378 dicitur
1466 4319 1763 4382 Voluntas
1803 4330 1863 4383 ct
1905 4323 2230 4405 Cogitatio,
2289 4332 2430 4384 tunc
2473 4342 2587 4402 per
2627 4323 2764 4386 Vo-
