3013 5114
837 393 1175 459 QUATUOR
1214 394 1500 450 PLAGAE
1543 395 1615 450 IN
1657 396 1909 451 coste.
2364 410 2430 462 79

315 560 409 613 est
456 558 597 611 ante
645 552 852 612 oculos
910 552 1160 629 Oriens3
1234 555 1343 614 sed
1404 559 1828 616 conversiones
1888 556 2257 633 Angelorum
2312 576 2431 618 non

239 654 254 665 ’
315 662 459 714 sunt
494 656 655 712 sicut
690 656 1111 713 conversiones
1146 655 1480 730 hominum,
1539 663 1679 715 sunt
1716 659 1872 716 enim
1903 675 1977 716 ex
2013 657 2132 715 alia
2169 659 2428 735 origine;

315 755 543 814 similes
584 754 822 829 quidem
859 763 1180 830 apparent,
1242 756 1351 814 sed
1386 740 1580 831 usque
1618 736 1734 815 n'on
1774 765 1913 816 sunt
1948 757 2209 837 similes:
2266 777 2433 818 amor

314 872 576 932 regnans
619 861 711 914 est
753 857 918 930 origo
933 899 950 929 ,
1009 874 1083 915 ex
1122 856 1226 915 illo
1268 862 1407 915 sunt
1458 874 1665 917 omnes
1707 858 2228 917 determinationes
2270 860 2433 936 apud

314 949 583 1033 Angelos
641 962 701 1014 et
745 954 906 1032 apud
954 955 1243 1031 Spiritus3
1300 974 1470 1025 nam,
1533 964 1598 1015 ut
1644 976 1783 1017 mox
1832 975 2015 1034 supra
2063 958 2284 1017 dictum
2323 967 2433 1030 est,

315 1059 603 1118 interiora
644 1073 848 1115 eorum
886 1058 1200 1115 actualiter
1238 1074 1419 1116 versa
1456 1066 1597 1116 sunt
1632 1058 1707 1116 ad
1745 1066 2014 1117 centrum
2051 1075 2225 1117 suum
2266 1078 2430 1119 com-

317 1175 514 1230 mune,
554 1160 640 1215 ita
673 1158 733 1215 in
773 1156 955 1215 Coelo
981 1158 1069 1215 'ad
1106 1158 1424 1217 Dominum
1463 1165 1531 1216 ut
1577 1158 1812 1232 Solem,
1873 1167 2242 1242 quapropter
2294 1163 2433 1236 quia

319 1276 486 1318 amor
523 1258 759 1335 jugiter
798 1263 890 1316 est
929 1274 1127 1316 coram
1162 1260 1545 1317 interioribus
1584 1260 1870 1343 illorum,
1910 1267 1969 1318 et
2008 1260 2193 1318 facies
2234 1278 2309 1319 ex
2334 1263 2430 1319 in-

319 1358 639 1419 terioribus
687 1360 917 1431 existit,
977 1365 1068 1417 est
1106 1361 1261 1417 enim
1311 1360 1500 1418 forma
1539 1378 1743 1418 eorum
1782 1366 2061 1429 externa,
2119 1359 2256 1419 idco
2294 1366 2433 1420 ante

317 1461 530 1520 faciem
575 1465 668 1517 est
704 1475 944 1534 semper
980 1454 1079 1518 ille
1124 1477 1289 1518 amor
1326 1463 1428 1535 qui
1461 1468 1697 1536 regnat,
1753 1463 1814 1519 in
1852 1459 2051 1519 Coclis
2099 1463 2302 1538 itaque
2341 1468 2434 1521 est

317 1562 612 1621 Dominus
653 1565 719 1617 ut
756 1558 892 1628 Sol,
956 1563 1097 1634 quia
1147 1560 1290 1635 Ipse
1347 1568 1439 1619 est
1492 1580 1529 1619 a
1583 1561 1714 1637 Quo
1765 1562 1881 1620 illis
1935 1564 2120 1619 Amor
2161 1546 2315 1643 (zz);
2373 1570 2433 1621 et

316 1662 458 1739 quia
510 1659 655 1737 Ipse
704 1660 995 1718 Dominus
1050 1668 1144 1719 est
1189 1663 1250 1719 in
1306 1678 1416 1719 suo
1472 1679 1674 1719 amore
1723 1662 1885 1738 apud
1930 1663 2223 1738 AngeIOS,
2293 1663 2427 1723 ideo

311 1762 607 1821 Dominus
658 1767 750 1819 est
787 1762 890 1835 qui
929 1761 1070 1819 facit
1125 1768 1189 1819 ut
1225 1767 1501 1837 spectent
1544 1761 1753 1837 Ipsum
1791 1779 2144 1839 quocunque
2182 1779 2248 1823 se
2286 1781 2429 1822 ver-

311 1868 475 1922 tunt:
529 1862 682 1920 haec
717 1879 836 1919 non
874 1862 1130 1937 amplius
1176 1862 1372 1920 adhuc
1411 1861 1700 1919 elucidari
1734 1867 2025 1938 possunt,
2076 1862 2185 1922 sed
2221 1866 2280 1921 in
2323 1879 2429 1923 se—

317 1963 638 2040 quentibus
680 1961 995 2033 ArticuliS,
1065 1964 1123 2019 in
1161 1964 1367 2038 specie
1404 1962 1505 2019 ubi
1544 1961 1617 2020 de
1652 1961 2331 2037 Repraesentationibus
2370 1971 2432 2022 et

313 2065 723 2141 ApparentiiS,
765 2080 835 2121 ac
873 2063 947 2120 de
987 2062 1285 2137 Tempore
1330 2070 1389 2120 et
1432 2061 1639 2139 Spatio
1676 2063 1735 2119 in
1767 2062 1950 2121 Coelo
1990 2062 2285 2138 agendum
2314 2069 2424 2136 est,

312 2165 391 2224 ad
418 2164 787 2222 intellectum
826 2163 1159 2222 evidentius
1195 2165 1500 2223 sistentur.
1572 2162 1749 2239 Quod
1782 2163 2004 2240 Angeli
2039 2170 2177 2222 ante
2213 2165 2430 2223 faciem

309 2270 657 2326 constanter
694 2264 959 2322 habeant
984 2264 1333 2337 Dominum,
1386 2265 1500 2323 hoc
1541 2283 1615 2322 ex
1654 2265 1841 2323 multa
1879 2267 2249 2341 experientia
2285 2265 2430 2325 mihi

311 2367 520 2426 datum
560 2372 653 2422 est
688 2367 875 2438 scire,
930 2371 989 2423 et
1017 2382 1256 2441 quoque
1292 2368 1637 2442 percipere3
1679 2367 1911 2440 quoties
1951 2368 2106 2424 enim
2134 2383 2268 2426 cum
2298 2366 2427 2425 An-

309 2467 465 2544 gelis
502 2468 563 2523 in
614 2467 910 2524 consortio
964 2465 1080 2539 sui,
1136 2468 1482 2541 praesentia
1516 2467 1758 2523 Domini
1805 2470 1943 2523 ante
1982 2466 2196 2524 faciem
2233 2483 2430 2525 meam

309 2567 735 2628 animadversa
786 2575 908 2637 est,
972 2568 1075 2642 qui
1127 2569 1366 2626 tametsi
1415 2584 1532 2625 non
1585 2566 1787 2635 visuS,
1853 2581 2045 2642 usque
2096 2571 2423 2642 perceptus

312 2675 407 2729 est
443 2671 503 2727 in
547 2668 714 2743 luce3
771 2667 931 2744 quod
968 2670 1054 2725 ita
1091 2670 1199 2740 sit,
1255 2669 1435 2725 etiam
1476 2667 1721 2741 saepius
1759 2667 1964 2723 testati
2009 2671 2149 2723 sunt
2186 2665 2425 2742 Angeli.

314 2769 478 2846 Quia
512 2769 808 2828 Dominus
853 2773 1197 2827 constanter
1245 2774 1336 2825 est
1388 2774 1526 2826 ante
1576 2767 1792 2824 faciem
1841 2765 2241 2842 Angelorum,
2291 2766 2428 2826 ideo

312 2872 494 2930 etiam
534 2869 751 2928 dicitur
788 2871 850 2927 in
889 2868 1136 2942 mundo,
1201 2875 1268 2926 ut
1312 2868 1509 2927 Deum
1550 2873 1685 2926 ante
1724 2867 1930 2925 oculos
1967 2873 2029 2926 et
2062 2867 2279 2927 faciem
2312 2867 2426 2927 ha-

312 2971 529 3045 beant,
587 2975 647 3028 et
687 2969 897 3046 Ipsum
936 2976 1236 3044 spectent,
1297 2976 1356 3027 et
1395 2969 1553 3046 quod
1588 2966 1831 3026 videant
1865 2966 2104 3044 Ipsum,
2152 2971 2254 3045 qui
2292 2985 2425 3030 cre-

309 3072 465 3131 dunt
503 3074 567 3130 in
603 3071 814 3146 Ipsum
853 3076 913 3128 et
949 3077 1150 3127 amant
1180 3068 1421 3146 Ipsu1n3
1480 3068 1639 3145 quod
1679 3068 1856 3127 homo
1883 3070 1968 3126 ita
2000 3068 2312 3145 loquatur„
2337 3076 2430 3129 est

312 3190 389 3232 ex
430 3170 731 3248 spirituali
767 3170 1011 3245 mundo,
1052 3189 1188 3227 nam
1222 3170 1360 3228 inde
1397 3170 1573 3247 plura
1609 3171 1666 3227 in
1702 3169 1947 3246 loquela
1981 3169 2244 3229 humana
2266 3178 2427 3241 sunt,

312 3275 554 3332 tametsi
586 3272 764 3330 homo
800 3272 993 3329 nescit
1029 3270 1186 3345 quod
1221 3270 1360 3330 inde
1396 3274 1534 3329 sint.
1584 3301 1592 3308 1

474 3402 632 3457 144.
687 3397 862 3473 Quod
898 3396 1034 3454 talis
1072 3398 1384 3455 conversio
1423 3396 1499 3454 ad
1535 3397 1858 3455 Dominum
1898 3399 2005 3466 sit,
2054 3397 2209 3452 inter
2237 3395 2428 3451 mira-

308 3501 455 3560 bilia
491 3499 644 3558 coeli
681 3504 803 3568 est,
847 3515 982 3555 nam
1018 3504 1276 3573 possunt
1310 3497 1517 3573 plures
1557 3497 1640 3555 ibi
1690 3499 1747 3553 in
1800 3514 1917 3556 uno
1962 3496 2095 3553 loco
2140 3509 2309 3563 esse,
2371 3501 2430 3554 et
2481 3482 2486 3488 ’

468 3766 586 3830 (zz)
631 3763 795 3828 Quod
837 3780 1036 3815 omncs
1093 3764 1148 3813 in
1205 3762 1419 3828 mundo
1476 3760 1765 3832 spirituali
1817 3777 1876 3813 se
1929 3769 2262 3813 constanter
2302 3778 2429 3814 ver-

309 3852 435 3895 tant
470 3840 544 3894 ad
579 3856 713 3893 suos
751 3857 1011 3902 amores,
1056 3848 1111 3891 et
1138 3838 1297 3910 quod
1336 3839 1537 3909 plagae
1576 3837 1655 3890 ibi
1694 3853 1725 3887 a
1752 3835 1899 3889 facie
1937 3836 2209 3889 inchoent
2246 3846 2302 3889 et
2335 3837 2430 3891 de-

310 3917 729 3980 terminentur,
774 3933 841 3967 n=
887 3923 1090 3975 10130·
1132 3922 1337 3974 10189·
1381 3921 1587 3973 10420.
1640 3919 1844 3972 10702.
1927 3911 2098 3989 Quod
2141 3912 2319 3966 facies
2359 3913 2433 3967 ad

312 3991 897 4065 correspondentiam
950 3990 1295 4043 interiorum
1351 3990 1598 4042 formata
1655 3989 1758 4053 sit,
1825 4007 1889 4041 n:
1933 3997 2082 4049 4791
2140 3988 2212 4042 ad
2258 3995 2427 4050 4805.

312 4078 479 4130 5695.
565 4067 727 4133 Quod
773 4067 905 4120 inde
949 4066 1228 4120 interiora
1271 4083 1336 4118 ex
1380 4065 1527 4118 facie
1570 4065 1864 4128 eluceant,
1933 4083 2000 4117 n:
2045 4072 2211 4125 3527.
2257 4072 2428 4125 4066.

310 4152 481 4206 4796.
564 4144 734 4222 Quod
775 4143 952 4197 facies
997 4160 1174 4195 unum
1224 4142 1395 4194 faciat
1448 4160 1578 4195 cum
1621 4141 2004 4195 interioribus
2046 4139 2200 4211 apud
2247 4142 2431 4212 Ange-

306 4222 426 4286 los,
469 4240 526 4274 n:
582 4228 751 4282 4796.
792 4227 960 4280 4797.
1003 4227 1172 4279 4799.
1224 4225 1389 4278 5695.
1426 4225 1599 4278 8250.
1680 4217 1764 4271 De
1819 4216 2036 4269 influxu
2078 4216 2430 4270 interiorum

308 4297 367 4350 iu
408 4297 616 4351 facicm
663 4307 720 4350 et
759 4297 883 4363 ejus
919 4295 1228 4358 musculos,
1274 4313 1339 4346 n:
1385 4303 1551 4354 3631.
1595 4297 1764 4353 4800.
