3013 5114
539 426 649 478 18ss
1150 414 1244 467 DE
1288 411 1528 467 coELo
1571 407 1667 466 ΕΤ
1705 378 2040 468 ῙΝΡΕΒΝΟῘ

536 593 655 635 non
688 591 833 633 vero
875 572 1116 647 fideles3
1174 574 1402 647 dicunt,
1461 572 1621 648 quod
1668 571 2017 645 Christiani,
2077 572 2217 647 quia
2251 569 2391 629 fidei
2427 571 2656 628 doctri-

536 694 672 735 nam
708 674 956 749 habent,
1008 677 1241 752 possint
1276 675 1486 734 fideles
1527 675 1848 748 nominari,
1908 674 1949 731 ii
1985 671 2307 749 vero[non]
2348 674 2463 730 nisi
2492 672 2656 730 illam

536 778 858 854 recipiant,
900 782 1029 847 aut,
1067 781 1135 835 ut
1171 775 1404 851 dicunt,
1460 776 1732 850 recipere
1767 775 2020 849 possint.

696 878 854 936 327.
936 875 1247 953 Loquutus
1298 894 1429 937 sum
1485 893 1620 933 cum
1670 874 2056 951 quibusdam,
2123 876 2224 951 qui
2274 876 2333 932 in
2386 873 2660 934 Ecclesia

536 978 805 1053 Antiqua
852 977 1122 1047 fuerunt,
1189 973 1488 1058 (Ecclesia
1537 977 1805 1051 Antiqua
1856 975 2098 1049 dicitur,
2155 993 2310 1051 quae
2365 976 2477 1033 suit
2523 983 2663 1051 post

539 1078 861 1149 diluvium,
927 1084 1066 1137 tune
1104 1096 1215 1154 per
1250 1078 1427 1154 plura
1459 1078 1670 1154 Regna
1717 1083 2003 1146 extensa,
2057 1093 2274 1152 nempe
2313 1094 2423 1153 per
2463 1077 2659 1153 Assy-

541 1182 720 1253 riam,
776 1179 1307 1255 Mesopotamiam,
1384 1178 1650 1255 Syriam,
1707 1176 2121 1253 Aethiopiam,
2189 1177 2502 1245 Arabiam,
2555 1178 2661 1235 Li-

538 1280 748 1357 byam,
807 1281 1182 1356 Aegyptum,
1242 1280 1672 1338 Philisthaeam
1711 1295 1904 1353 usque
1964 1277 2040 1335 ad
2093 1278 2317 1354 Tyrum
2369 1284 2428 1337 et
2474 1279 2660 1338 Zido-

538 1399 702 1449 nem,
758 1399 866 1457 per
903 1388 1119 1438 terram
1166 1379 1509 1439 Canaanem
1547 1382 1632 1439 cis
1682 1388 1741 1438 et
1782 1386 1946 1437 trans
1987 1378 2311 1441 Jordanem
2349 1376 2479 1459 (pp)
2507 1377 2546 1459 z)
2604 1386 2666 1438 et

542 1484 641 1558 qui
678 1489 818 1539 tunc
848 1487 1147 1539 noverunt
1184 1481 1273 1538 de-
1294 1482 1550 1539 Domino
1591 1480 1750 1556 quod
1785 1488 2100 1553 ventumS,
2142 1497 2211 1538 ac
2248 1480 2458 1538 imbuti
2493 1480 2665 1538 bonis

539 1582 709 1655 fidei,
750 1589 813 1638 at
851 1599 1048 1656 usque
1090 1582 1487 1656 desciverunt,
1532 1588 1591 1640 et
1626 1583 1768 1640 facti
1803 1580 2190 1655 idololatrae3
2232 1589 2401 1639 erant
2428 1588 2661 1639 antror-

542 1699 672 1740 sum
720 1698 931 1740 versus
973 1683 1305 1755 sinistrum,
1348 1685 1407 1740 in
1449 1683 1582 1741 loco
1621 1668 2029 1756 tenebric050,
2084 1690 2144 1740 et
2181 1684 2242 1739 in
2282 1689 2439 1740 statu
2479 1685 2663 1740 mise-

540 1782 745 1841 rabili:
801 1782 1044 1857 loquela
1099 1801 1301 1842 eorum
1352 1784 1464 1842 fuit
1511 1785 1667 1843 sieut
1720 1782 1970 1857 tibialis,
2027 1785 2203 1840 unius
2255 1785 2407 1853 toni,
2470 1799 2664 1859 paene

544 1884 770 1958 absque
823 1885 1198 1959 cogitationis
1238 1885 1545 1942 rationali:
1622 1884 1900 1944 dicebant
1952 1883 2112 1959 quod
2163 1884 2243 1942 ibi
2293 1884 2511 1942 fuerint
2555 1901 2666 1961 per

538 1983 714 2060 plura
750 1983 1024 2059 saecula,
1074 1991 1132 2043 ct
1171 1986 1331 2061 quod
1368 1986 1503 2043 inde
1545 1986 1901 2061 quandoque
1941 1987 2303 2058 eximantur,
2359 1992 2425 2044 ut
2460 1987 2660 2043 inser-

537 2088 706 2142 viant
742 2085 873 2142 aliis
911 2104 1020 2161 pro
1063 2086 1362 2159 aliquibus
1404 2087 1641 2160 usibus,
1702 2088 1803 2161 qui
1848 2086 1997 2144 viles
2036 2092 2193 2144 sunt.
2282 2086 2370 2143 Ex
2407 2086 2525 2144 illis
2564 2102 2666 2143 co·

540 2187 730 2260 gitare
783 2184 984 2241 datum
1039 2192 1130 2241 est
1178 2187 1250 2243 de
1314 2186 1586 2261 pluribus
1645 2186 2025 2259 Christianis,
2085 2189 2185 2262 qui
2236 2204 2353 2245 non
2403 2189 2665 2245 exterius

538 2283 893 2342 idololatrae
955 2292 1121 2358 sunt,
1199 2286 1305 2343 sed
1367 2289 1652 2355 interiuS,
1739 2294 1879 2344 sunt
1938 2289 2091 2345 enim
2144 2287 2404 2346 cultores
2459 2289 2555 2345 sui
2609 2293 2668 2344 et

540 2385 774 2454 mundi,
828 2401 897 2442 ac
937 2386 1114 2444 corde
1152 2394 1372 2463 negant
1406 2388 1758 2460 Dominum,
1806 2387 1999 2463 qualis
2039 2405 2171 2447 sors
2209 2388 2343 2447 illos
2379 2391 2440 2447 in
2477 2388 2669 2446 altera

540 2489 664 2544 vita
700 2495 959 2546 maneat.

700 2591 861 2648 328.
915 2589 1091 2665 Quod
1126 2590 1402 2649 Ecclesia
1435 2592 1679 2650 Domini
1715 2594 1792 2650 sit
1829 2608 1942 2666 per
1979 2592 2324 2649 universum
2374 2598 2668 2649 terrarum

543 2690 748 2749 orbem
794 2708 1039 2766 sparsa,
1093 2693 1176 2749 ita
1225 2693 1620 2766 universalis,
1687 2698 1745 2751 et
1797 2692 1956 2767 quod
2009 2694 2067 2749 in
2137 2692 2243 2750 illa
2290 2693 2408 2749 sint
2460 2706 2667 2750 omnes

546 2794 744 2868 quiin
777 2791 935 2850 bono
982 2793 1292 2851 charitatis
1348 2794 1676 2852 secundum
1728 2793 2097 2868 Religiosum
2151 2809 2329 2851 suum
2369 2794 2667 2866 vixerunt,

543 2936 593 2943 ..—

699 3014 832 3084 (pp)
881 3015 1049 3090 Quod
1104 3017 1292 3068 Prima
1337 3027 1391 3069 et
1433 3017 1849 3088 Antiquissima
1896 3018 2153 3071 Ecclesia
2195 3017 2256 3069 in
2296 3017 2398 3071 bac
2441 3017 2674 3070 Tellure

547 3088 746 3153 fuerit,
794 3108 939 3160 quae
983 3090 1337 3145 describitur
1382 3093 1437 3144 in
1480 3093 1685 3163 primis
1728 3094 2030 3165 Capitibus
2066 3095 2380 3157 Geneseos,
2425 3102 2482 3145 et
2516 3091 2672 3165 quod

548 3164 647 3218 illa
692 3166 947 3217 Ecclesia
991 3166 1170 3219 fuerit
1211 3169 1511 3231 coelestis,
1556 3170 1814 3226 omnium
1853 3171 2195 3240 praecipua,
2240 3184 2311 3223 n:
2368 3178 2497 3230 607.
2542 3177 2670 3230 895.

550 3249 680 3301 920.
726 3250 896 3302 1121.
941 3250 1111 3302 1122.
1160 3251 1326 3303 1123.
1372 3252 1541 3304 1124.
1597 3252 1764 3305 2896-
1822 3252 1992 3306 4493.
2042 3253 2208 3306 8891·
2253 3253 2418 3305 9942·
2463 3253 2670 3307 10545.

549 3317 755 3383 Quales
800 3318 883 3371 illi
926 3329 1058 3371 sunt
1101 3319 1158 3370 in
1202 3320 1403 3381 coelo,
1447 3338 1519 3372 n:
1566 3329 1712 3382 1114
1754 3320 1821 3373 ad
1868 3330 2036 3382 1125.
2121 3322 2284 3387 Quod
2327 3322 2523 3375 variae
2565 3325 2671 3375 Ec·

545 3396 754 3449 clesiae
798 3406 930 3467 post
973 3396 1261 3448 diluvium
1304 3396 1556 3458 fuerint,
1614 3415 1761 3468 quae
1798 3398 2091 3451 Ecclesiae
2135 3398 2421 3470 Antiquae
2467 3415 2672 3452 vocan-

549 3482 675 3536 tur,
742 3472 812 3525 de
855 3473 1098 3543 quibus,
1163 3491 1234 3528 n:
1294 3480 1463 3541 1125.
1521 3482 1689 3534 1126.
1747 3482 2127 3534 1127.1327.
2174 3483 2378 3535 10355.
2514 3473 2673 3526 uales

548 3548 787 3602 fuerunt
827 3549 1089 3601 homines
1131 3548 1420 3620 Antiquae
1467 3551 1794 3614 Ecclesiae,
1848 3565 1918 3603 n:
1975 3558 2105 3610 609.
2151 3559 2279 3611 895.
2363 3550 2485 3615 Quo
2569 3552 2673 3602 Ec-

546 3625 757 3678 clesiae
808 3626 1096 3698 Antiquae
1151 3625 1370 3679 fuerint
1432 3626 1724 3680 Ecclesiae
1789 3628 2348 3697 repraesentativae‚
2415 3645 2484 3679 ne
2541 3635 2672 3688 519.

549 3707 678 3759 521.
737 3708 902 3761 2896.
1000 3701 1168 3778 Quod
1223 3702 1377 3773 apud
1432 3703 1745 3775 Antiquam
1799 3703 2113 3756 Ecclesiam
2168 3703 2348 3757 fuerit
2391 3703 2672 3765 Verbum,

551 3775 650 3827 sed
693 3776 848 3846 quod
894 3776 950 3827 id
992 3777 1355 3848 deperditum
1414 3779 1518 3841 sit,
1574 3796 1642 3831 n:
1699 3786 1869 3839 2897.
1954 3778 2147 3843 Qualis
2195 3779 2439 3851 Antiqua
2485 3779 2675 3831 Eccle-

550 3852 632 3902 sia
673 3869 800 3903 cum
843 3852 1040 3922 coepit
1079 3852 1426 3919 declinare„
1455 3872 1522 3907 n:
1570 3863 1738 3915 1128.
1820 3855 2146 3908 Discrimen
2190 3856 2342 3908 inter
2386 3854 2675 3926 Antiquis-

553 3926 753 3978 simam
808 3927 1128 3980 Ecclesiam
1185 3940 1241 3981 et
1297 3929 1643 4001 Antiquam,
1712 3949 1777 3983 n:
1835 3941 1961 3991 597.
2019 3939 2150 3991 607.
2195 3939 2326 3992 640.
2371 3938 2501 3990 641.
2546 3938 2675 3989 765.

555 4008 684 4062 784.
732 4009 860 4060 895.
912 4009 1080 4061 4493.
1165 4002 1327 4067 Quod
1373 4014 1614 4070 statuta,
1671 4006 1917 4074 judicia,
1973 4006 2161 4079 leges,
2226 4025 2372 4079 quae
2414 4006 2680 4059 mandata

551 4087 683 4129 sunt
735 4077 795 4127 in
850 4077 1107 4129 Ecclesia
1161 4078 1433 4138 Judaica,
1497 4079 1734 4140 fuerint.
1773 4083 1962 4155 quoad
2018 4093 2237 4154 partem
2299 4083 2508 4136 similia
2563 4081 2680 4134 illis

551 4169 698 4223 quae
740 4151 979 4204 fuerunt
1019 4153 1079 4204 in
1115 4153 1368 4226 Antiqua
1401 4155 1682 4220 Ecclesia,
1726 4174 1793 4210 n:
1839 4167 2008 4219 4288.
2053 4166 2220 4220 4449.
2257 4167 2462 4221 10149.
2560 4157 2679 4210 uod

551 4228 832 4280 Dominus
873 4227 1051 4281 fucrit
1093 4231 1250 4281 Deus
1292 4231 1744 4302 Antiquissimae
1785 4236 2100 4298 Ecclesiae,
2145 4246 2204 4289 et
2244 4253 2480 4307 quoque
2573 4235 2678 4287 nti-

553 4321 718 4376 quae,
765 4313 817 4356 et
861 4304 1014 4376 quod
1059 4315 1298 4358 vocatus
1341 4307 1622 4371 Jehovab,
1669 4327 1732 4360 n:
1781 4317 1948 4373 1343.
1996 4319 2166 4372 6846,
