3013 5114
593 421 688 474 DE
731 419 1084 482 DIVITIBUS
1126 422 1221 478 ET
1259 421 1705 481 PAUPERIBUS
1719 425 1822 501 ,IN
1863 425 2117 482 COELO.
2338 440 2444 493 211

324 580 662 643 animabus
694 580 928 642 vestris
944 602 964 642 .·
1008 581 1252 671 juyum
1285 582 1453 644 enim
1498 603 1705 645 meum
1739 585 1947 666 facile
1991 594 2137 659 ests
2179 595 2240 650 et
2288 609 2449 653 <mue

323 700 532 744 meum
570 679 763 758 leve,“
803 683 1027 743 Matth:
1064 683 1188 742 XI:
1233 687 1345 745 29.
1389 685 1514 761 303
1573 686 1727 760 quod
1748 687 1959 764 jugum
1988 687 2231 749 Domini
2265 690 2446 753 facile

325 785 430 859 sit,
489 789 549 843 et
600 800 748 842 onus
794 783 959 860 leve,
1016 789 1110 843 est
1156 787 1297 861 quia
1339 792 1631 862 quantum
1680 785 1858 847 homo
1894 791 2122 849 resistit
2156 791 2328 852 malis
2366 809 2443 853 ex

322 900 527 944 amore
563 886 658 943 sui
693 890 755 944 et
780 884 986 944 mundi
1021 885 1517 958 scaturientibus,
1557 892 1789 945 tantum
1824 888 2058 949 ducitur
2093 908 2130 949 a
2163 891 2439 965 Domino,

320 991 384 1045 et
418 1001 536 1043 non
571 1001 609 1043 a
644 991 834 1044 semet
847 1005 864 1062 3
923 991 984 1045 et
1034 985 1194 1063 quod
1242 985 1535 1046 Dominus
1590 986 1728 1047 dein
1770 987 1888 1049 illis
1938 990 2100 1067 apud
2143 990 2441 1054 hominem

322 1087 595 1161 resistat,
654 1092 715 1146 et
755 1086 862 1145 illa
895 1073 1224 1146 removeat.

481 1189 641 1247 360.
723 1187 1040 1263 Loquutus
1090 1203 1223 1246 sum
1273 1203 1406 1247 cum
1461 1187 1763 1265 aliquibus
1812 1196 1954 1266 post
2008 1197 2282 1267 mortem,
2341 1195 2442 1269 qui

318 1288 458 1346 dum
495 1289 556 1345 in
588 1288 806 1348 mundo
844 1284 1150 1362 vixerunt,
1210 1287 1640 1349 abdicaverunt
1683 1291 1998 1367 mnndum,
2060 1298 2119 1350 et
2152 1308 2220 1352 se
2255 1293 2445 1352 dede-

317 1395 456 1446 runt
496 1389 653 1448 vitae
693 1406 888 1465 paene
939 1389 1274 1465 solitariae,
1331 1395 1398 1448 ut
1442 1407 1555 1466 per
1599 1390 2066 1451 abstractionem
2120 1395 2438 1469 cogitatio-

288 1508 463 1550 ,num
500 1506 537 1547 a
572 1488 916 1563 mundaniS,
955 1497 1242 1549 vacarent
1276 1491 1392 1566 piis
1430 1491 1947 1564 meditationibuS,
1999 1493 2315 1554 credentes
2351 1494 2441 1553 sic

317 1589 554 1665 ingredi
587 1591 746 1646 viam
795 1589 981 1665 coeli3
1038 1590 1147 1648 sed
1192 1589 1282 1649 illi
1327 1593 1386 1649 in
1433 1590 1628 1651 altera
1673 1594 1798 1652 vita
1850 1595 2006 1654 tristi
2044 1596 2222 1672 genio
2275 1600 2436 1671 sunt,

319 1694 616 1764 spernunt
659 1687 809 1746 alios
860 1691 963 1764 qui
1007 1706 1122 1747 non
1160 1690 1275 1748 sibi
1322 1690 1549 1748 similes
1599 1700 1767 1767 sunt,
1840 1695 2223 1772 indignantur
2273 1692 2438 1772 quod

318 1805 440 1846 non
494 1787 693 1846 felicia
742 1804 891 1863 prae
944 1788 1189 1863 reliquis
1243 1791 1596 1863 sortiantur,
1678 1792 1990 1853 credentes
2053 1812 2120 1854 se
2176 1795 2436 1854 meruis-

316 1906 422 1962 se,
493 1905 606 1947 nec
652 1893 863 1947 curant
907 1887 1091 1958 alios,
1153 1893 1213 1946 et
1263 1894 1541 1947 avertunt
1595 1905 1662 1949 se
1709 1891 1785 1949 ab
1840 1892 2047 1952 officiis
2106 1894 2435 1970 charitatis,

314 2006 429 2066 per
478 2005 634 2066 quae
694 1989 1033 2066 conjunctio
1086 1994 1178 2047 est
1228 2001 1359 2047 cum
1413 1987 1625 2064 Coe103
1701 1989 1952 2050 Coelum
1995 2011 2143 2069 prae
2192 1993 2440 2070 reliquis

311 2091 597 2167 cupiunt,
666 2088 776 2148 sed
828 2106 967 2148 cum
1008 2088 1324 2148 elevantur
1364 2089 1466 2148 ubi
1517 2091 1715 2168 angeli
1760 2099 1929 2167 sunt,
2003 2094 2288 2153 inducunt
2327 2111 2437 2152 an·

308 2193 597 2262 xietateS,
651 2207 805 2267 quae
841 2189 1043 2250 felicia
1078 2190 1427 2268 angelorum
1462 2191 1847 2270 perturbant3
1900 2201 2273 2273 quapropter
2308 2194 2435 2254 dis·

310 2292 645 2362 sociantur,
712 2306 783 2350 ac
839 2291 1147 2351 dissociati
1196 2291 1510 2352 conferunt
1554 2309 1621 2352 se
1674 2295 1736 2351 in
1784 2292 1922 2355 loca
1978 2295 2257 2367 deserta,
2333 2294 2440 2354 ubi

310 2392 562 2452 similem
598 2394 811 2468 vitam,
870 2393 1109 2469 qualem
1145 2395 1207 2451 in
1254 2393 1509 2467 mundo,
1566 2400 1766 2470 agant.
1853 2395 2050 2454 Homo
2087 2395 2163 2454 ad
2201 2395 2440 2455 coelum

310 2510 427 2552 non
464 2494 708 2552 formari
733 2498 964 2571 potest,
1002 2496 1121 2553 nisi
1159 2510 1271 2569 per
1306 2492 1624 2568 mundum,
1663 2492 1747 2551 ibi
1775 2501 1913 2552 sunt
1938 2493 2132 2552 ult1mi
2169 2493 2436 2570 effectuS,

311 2597 373 2653 in
410 2610 561 2670 quos
599 2593 974 2653 terminanda
1009 2594 1403 2670 estcujusvis
1444 2592 1712 2667 affectio,
1769 2611 1924 2669 quae
1961 2595 2077 2653 nisi
2113 2595 2337 2653 exserit
2370 2611 2439 2655 so

310 2710 421 2752 seu
471 2692 716 2753 effundit
756 2695 817 2751 in
854 2699 1057 2765 actuS,
1111 2692 1270 2771 quod
1304 2693 1371 2751 fit
1404 2695 1464 2752 in
1504 2695 1796 2753 societate
1838 2693 2133 2771 plurium,
2172 2693 2434 2755 suffoca-

310 2800 411 2852 tur
452 2790 582 2867 illa,
639 2792 879 2852 tandem
916 2793 1098 2865 adeo,
1155 2802 1221 2852 ut
1260 2794 1437 2852 homo
1487 2810 1604 2853 non
1653 2801 1889 2871 spectet
1929 2795 2185 2872 amplius
2220 2797 2430 2873 proxi-

311 2912 507 2971 mum,
547 2894 655 2953 sed
692 2900 885 2953 semet
920 2894 1146 2954 solum:
1201 2893 1339 2953 inde
1375 2900 1564 2971 patet,
1605 2896 1764 2972 quod
1799 2898 1923 2956 vita
1950 2896 2256 2956 charitatis
2286 2914 2434 2976 erga

304 2998 674 3073 proximum,
731 3012 885 3072 quae
924 3001 1017 3055 est
1053 2996 1255 3055 facere
1280 2994 1513 3072 justum
1558 3001 1618 3055 et
1665 3003 1896 3057 rectum
1932 2999 1994 3056 in
2043 2999 2203 3058 omni
2245 3013 2433 3076 opere

308 3103 371 3155 et
406 3098 465 3155 in
502 3100 661 3156 omni
697 3097 1027 3170 functione,
1085 3097 1266 3156 ducat
1306 3095 1383 3154 ad
1419 3095 1683 3171 coelum,
1741 3115 1856 3157 non
1896 3104 2096 3158 autem
2131 3100 2259 3161 vita
2296 3101 2432 3175 pie-

303 3200 443 3257 tatis
493 3195 723 3275 absque
770 3197 876 3257 illa
932 3193 1050 3279 (e);
1108 3202 1545 3274 consequenter
1589 3198 1750 3274 quod
1786 3179 2073 3258 exercitia
2120 3199 2430 3259 charitatis

306 3303 368 3356 et
401 3299 539 3358 inde
577 3301 946 3359 incrementa
985 3299 1146 3359 illius
1185 3298 1376 3369 vitae,
1439 3303 1672 3357 tantum
1724 3299 1854 3357 dari
1903 3301 2165 3376 possint,
2232 3316 2426 3377 quan-

304 3405 428 3458 tum
456 3398 634 3458 homo
685 3401 747 3459 in
785 3402 1039 3477 negotiis
1089 3399 1223 3475 'est3
1280 3403 1341 3457 et
1381 3403 1617 3457 tantum
1658 3415 1775 3457 non
1816 3399 1978 3474 dari,
2035 3405 2320 3477 quantum
2357 3414 2428 3459 se

233 3492 236 3494 ’
306 3506 580 3560 removet
614 3498 690 3558 ab
717 3499 857 3559 inis.
934 3500 1031 3560 De
1066 3500 1160 3559 his
1202 3498 1418 3575 loquar
1450 3515 1608 3557 nunc
1644 3498 1722 3557 ab
1759 3502 2133 3576 experientia
2145 3520 2162 3577 3
2214 3499 2426 3577 plures

308 3617 385 3659 ex
430 3598 551 3658 illis
603 3600 705 3676 qui
746 3599 1251 3675 negotiationibus
1293 3605 1354 3658 et
1401 3601 1756 3659 mercaturis
1805 3616 2050 3678 operam
2097 3602 2160 3660 in
2204 3601 2425 3661 mundo

303 3699 633 3775 dederunt,
693 3705 753 3758 et
798 3715 1037 3783 quoque
1083 3716 1195 3776 per
1243 3697 1381 3758 illas
1426 3700 1644 3763 divites
1699 3700 1841 3760 facti
1889 3707 2058 3779 sunt,
2125 3702 2188 3761 in
2238 3699 2424 3762 Coelo

453 3946 538 4011 (e)
583 3943 753 4022 Quod
788 3943 1038 3998 charitas
1071 3959 1207 4015 erga
1233 3944 1559 4014 proximum
1596 3944 1670 3998 sit
1697 3943 1893 4000 facere
1927 3945 2167 4010 bonum,
2207 3945 2424 4014 justum

301 4030 358 4074 ct
398 4031 621 4075 rectum
661 4021 720 4073 in
760 4020 919 4074 omni
960 4037 1141 4092 opere
1180 4029 1240 4073 ct
1275 4020 1334 4073 in
1368 4021 1527 4074 omni
1564 4020 1887 4086 functione,
1930 4040 2001 4075 n:
2046 4028 2213 4083 8120.
2250 4029 2421 4083 8121.

302 4103 473 4156 8122.
554 4096 693 4151 Inde
736 4096 891 4169 quod
936 4097 1183 4149 charitas
1224 4112 1358 4168 erga
1399 4097 1729 4169 proximum
1783 4113 1844 4151 sc
1885 4097 2153 4152 extendat
2189 4097 2262 4151 ad
2303 4114 2422 4150 om-

298 4172 397 4225 nia
437 4182 496 4225 et
542 4172 799 4245 singula,
864 4189 1009 4246 quae
1067 4175 1241 4226 homo
1297 4174 1546 4243 cogitat,
1610 4173 1734 4225 vult
1785 4183 1844 4227 ct
1894 4171 2064 4238 facit,
2126 4192 2193 4227 n:
2247 4178 2421 4233 8124.

299 4247 467 4315 Quod
508 4248 625 4306 vita
677 4249 909 4318 pietatis
961 4248 1182 4321 absque
1233 4249 1351 4302 vita
1396 4248 1693 4302 charitatis
1733 4248 1805 4301 ad
1845 4249 1990 4303 nibil
2030 4249 2256 4313 valeat,
2319 4247 2422 4302 scd

295 4343 426 4378 cum
471 4323 565 4377 illa
609 4323 892 4378 conducat
931 4325 1000 4377 ad
1044 4324 1257 4389 omnia,
1299 4341 1368 4376 nx
1413 4331 1582 4384 8252.
1627 4330 1795 4384 8253.
2422 4327 2425 4330 ’

647 4412 656 4419 ’
1839 4410 1913 4463 Η-
1962 4401 1995 4440 ²¹²
