3013 5114
583 434 691 487 176

1153 419 1258 474 DE·
1292 415 1531 473 COELO
1572 414 1668 470 ΕΤ
1708 412 2041 472 INFERNO.

579 588 742 644 nium
777 587 944 642 sunt:
1010 597 1082 638 ne
1119 580 1323 654 itaque
1362 576 1479 650 illi,
1549 578 1653 652 qui
1687 574 1832 632 talia
1869 574 2164 649 cogitant,
2216 577 2281 629 ut
2317 569 2514 629 solent
2558 571 2699 646 plu-

580 700 678 744 res
716 685 818 760 qui
860 699 934 739 ex
970 680 1314 750 mundanis,
1369 695 1525 753 quae
1562 679 1834 753 sapiunt,
1886 673 2103 732 eruditi
2141 679 2201 730 et
2238 673 2397 731 docti
2432 671 2701 746 audiunt,

581 784 838 861 amplius
891 781 1246 858 perturbent
1295 785 1354 838 et
1402 778 1697 837 seducant
1738 775 2041 852 simplices
2090 773 2204 833 fide
2256 779 2316 832 et
2362 769 2577 845 corde,
2632 772 2723 832 ae'

582 885 849 945 inducan‘

583 993 786 1058 terna,
827 1001 849 1041 a

584 1088 811 1145 teriora

586 1195 686 1246 est
728 1203 849 1246 cun}

586 1295 849 1366 postqua

587 1387 838 1446 busdam

589 1506 706 1565 que
750 1505 849 1544 eur

588 1605 664 1646 ex
701 1587 849 1664 quib·

587 1693 810 1764 quntus

583 1791 824 1846 narravi

586 1889 849 1967 peliantu

581 1990 646 2048 id
687 1989 848 2067 quod

581 2091 832 2164 mundo,

586 2191 746 2267 quod
791 2191 849 2246 vi

581 2292 847 2365 migrave

583 2393 779 2449 sciant
819 2407 849 2465 q

570 2491 674 2570 jus
714 2507 849 2550 sens

582 2594 849 2651 voluntat

587 2696 848 2765 ctioneS,

581 2793 822 2852 mundo,

578 2894 849 2951 homines

583 3012 745 3052 mum
773 3010 846 3051 cu

583 3095 849 3153 successi

580 3210 736 3253 novo
775 3210 849 3269 ga

550 3294 849 3354 1credider

584 3403 710 3455 tate
749 3395 822 3454 de

580 3498 642 3555 in
672 3497 782 3555 tali
815 3514 849 3555 Sj

581 3602 849 3656 terrarun

740 3789 849 3854 (th

580 3880 675 3917 mo
717 3875 849 3934 post

581 3948 640 3993 et
679 3956 746 3992 n:
792 3948 849 4000 4(

577 4014 672 4067 bis
705 4032 845 4087 aspe

579 4089 779 4154 datur,
822 4108 849 4142 ι]

577 4176 694 4220 tem
734 4176 1028 4237 resurgat,
1084 4176 1141 4218 et
1181 4166 1338 4237 quod
1380 4151 1520 4219 tum?
1559 4170 1632 4221 sit
1672 4151 1847 4223 horfio
1888 4171 2082 4242 quoad
2123 4173 2318 4225 omnia
2360 4151 2418 4223 ἐι
2458 4171 2700 4243 singula,

577 4260 647 4295 n:
690 4248 862 4303 4527.
906 4249 1074 4302 5006.
1117 4249 1284 4301 5078.
1322 4248 1488 4304 8939-
1532 4252 1699 4305 8991.
1751 4255 1957 4307 10594.
2003 4255 2209 4308 10758·

2292 4246 2463 4323 Quod
2516 4248 2703 4300 anima

580 4335 726 4391 quae
769 4318 916 4373 vivit
957 4328 1090 4389 post
1131 4328 1406 4382 mortem,
1469 4320 1547 4373 sit
1597 4321 1837 4391 spiritus
1880 4322 2162 4387 hominis,
2226 4324 2325 4395 qui
2371 4324 2429 4377 in
2471 4324 2702 4378 homine
