3013 5114
359 419 481 487 om
520 419 595 474 IN
641 418 1004 485 mmmm,
1068 418 1254 475 SUNT-
1293 419 1367 474 IN
1410 404 1631 478 Maus
1673 421 1769 476 ET
1807 421 1983 478 mon
2025 421 2295 481 FAles.
2378 432 2485 487 34⁷

514 582 672 640 556.
729 581 920 640 Amor
954 581 1048 639 sui
1082 586 1179 642 est
1214 580 1331 640 sibi
1370 581 1485 641 soli
1526 581 1680 642 bene
1716 581 1907 655 velle,
1962 588 2022 643 et
2054 600 2174 641 non
2212 582 2343 643 aliis
2371 586 2489 643 nisi

353 687 607 760 propter
642 697 742 756 se,
798 699 874 740 ne
913 680 1152 758 quidem
1188 681 1537 758 Ecclesiae,
1592 683 1865 759 Patriae,
1919 689 2025 743 aut
2058 683 2237 744 alicui
2272 682 2484 744 Socie-

351 786 464 843 tati
499 783 822 854 humanae,
861 789 929 841 ut
968 788 1028 842 et
1066 781 1185 842 illis
1220 781 1580 843 benefacere
1608 783 1803 843 solum
1830 790 2079 862 propter
2110 785 2207 843 sui
2242 785 2480 859 famam,

349 884 638 943 honorem
695 890 755 943 et
808 882 1095 960 gloriam,
1163 901 1317 960 quae
1371 885 1487 943 nisi
1540 884 1746 952 videat
1794 887 1854 943 in
1899 884 2110 944 usibus
2160 901 2311 963 quos
2361 885 2482 944 illis

351 989 662 1062 praestat,
718 984 859 1043 dicit
889 984 1069 1044 corde
1107 1001 1249 1059 suo,
1301 983 1444 1061 quid
1477 986 1688 1061 refert,
1742 1003 1848 1045 cur
1881 986 2025 1061 hoc,
2070 991 2131 1045 et
2167 985 2309 1062 quid
2341 985 2482 1045 inde

349 1085 524 1159 mihi,
577 1091 638 1143 et
675 1086 762 1143 sic
799 1087 1047 1144 omittit:
1101 1084 1259 1144 unde
1301 1090 1504 1161 patet,
1559 1085 1719 1163 quod
1756 1089 1859 1162 qui
1892 1089 1951 1146 in
1989 1103 2192 1146 amore
2232 1089 2330 1146 sui
2366 1092 2479 1162 est,

348 1203 472 1261 non
509 1190 670 1244 amet
703 1185 1070 1261 Ecclesiam,
1122 1203 1233 1245 nec
1267 1186 1568 1259 Patriam,
1623 1203 1733 1245 nec
1772 1185 2159 1262 Societatem,
2218 1204 2327 1246 nec
2364 1186 2479 1244 ali-

350 1304 532 1364 quem
569 1302 778 1363 usum,
845 1286 955 1345 sed
990 1303 1059 1346 se
1094 1286 1325 1347 solum:
1371 1286 1705 1364 jucundum
1751 1289 1883 1366 ejus
1923 1295 2015 1348 est
2049 1287 2223 1347 modo
2252 1287 2478 1365 jucun-

351 1388 491 1446 dum
535 1389 759 1446 amoris
795 1389 918 1462 sui,
963 1392 1022 1446 et
1059 1389 1198 1464 quia
1231 1386 1598 1467 jucundum,
1637 1389 1797 1465 quod
1831 1391 2108 1465 provenit
2143 1406 2216 1448 ex
2255 1404 2477 1463 amore,

338 1489 496 1548 *facit
531 1490 716 1546 vitam
752 1488 1045 1561 hominiS,
1105 1488 1239 1549 ideo
1294 1489 1426 1568 ejus
1466 1491 1594 1547 vita
1630 1496 1723 1548 est
1759 1491 1884 1548 vita
1917 1491 2042 1560 sui,
2099 1505 2171 1547 ac
2206 1491 2332 1547 vita
2382 1489 2479 1547 sui

348 1595 453 1648 est
483 1591 610 1647 vita
651 1606 725 1646 ex
748 1590 993 1665 proprio
1018 1587 1274 1648 hominis
1289 1635 1306 1665 ,
1348 1595 1408 1650 et
1436 1593 1745 1667 proprium
1771 1591 2026 1649 hominis
2051 1591 2112 1648 in
2140 1606 2207 1648 se
2236 1595 2479 1665 specta-

344 1694 470 1747 tum
505 1706 623 1747 non
662 1696 756 1747 est
789 1691 907 1747 nisi
944 1707 1125 1765 quam
1164 1691 1408 1750 malum.
1493 1689 1614 1766 Qui
1650 1699 1812 1749 amat
1847 1707 1945 1765 se,
2003 1692 2055 1749 is
2094 1692 2271 1749 etiam
2317 1696 2479 1749 amat

343 1807 520 1863 suoS,
573 1791 678 1866 qui
712 1796 852 1848 sunt
887 1794 947 1849 in
992 1793 1201 1866 specie
1243 1790 1418 1850 liberi
1453 1796 1514 1850 et
1553 1799 1805 1866 nepotes
1838 1791 1971 1867 ejus
1985 1835 2002 1867 ,
2059 1797 2119 1849 et
2157 1794 2216 1848 in
2253 1806 2476 1866 genere

341 1906 550 1949 omnes
589 1892 691 1966 qui
726 1909 911 1949 unum
957 1909 1093 1951 cum
1147 1892 1249 1962 illo
1296 1893 1549 1958 faciunt,
1605 1907 1754 1965 quos
1804 1907 1948 1950 suos
2000 1898 2208 1965 vocat3
2263 1890 2375 1949 hos
2416 1895 2478 1948 et

341 1990 478 2050 illos
515 2008 720 2050 amare
757 1999 852 2052 est
897 2010 1138 2068 quoque
1175 2008 1242 2051 se
1280 2009 1521 2062 amare,
1589 2009 1728 2049 nam
1762 1991 1898 2050 illos
1935 1997 2173 2067 spectat
2208 1992 2379 2066 quasi
2413 1992 2476 2047 in

343 2108 442 2165 se,
503 2098 562 2151 et
596 2109 662 2151 se
701 2096 759 2151 in
802 2093 956 2171 illis3
1005 2096 1160 2153 inter
1194 2093 1363 2168 illos,
1416 2108 1567 2169 quos
1604 2074 1749 2151 suos
1786 2098 1996 2161 vocat,
2056 2097 2198 2149 sunt
2232 2106 2471 2168 quoque

341 2208 548 2252 omnes
578 2195 681 2270 qui
717 2211 853 2254 eun-1
890 2194 1168 2270 laudant,
1219 2194 1547 2263 honorant,
1588 2199 1648 2252 et
1682 2194 1905 2254 colunt.

480 2296 514 2354 5
534 2295 641 2354 57.
680 2297 769 2355 Ex
802 2297 1247 2373 comparatione
1277 2313 1414 2356 cum
1443 2313 1647 2355 amore
1684 2295 1934 2355 coelesti
1965 2298 2240 2354 constare
2267 2297 2473 2370 potest

342 2393 537 2470 qualis
579 2403 672 2454 est
715 2413 879 2454 amor
923 2399 1048 2469 sui3
1109 2413 1276 2455 amor
1327 2396 1609 2456 coelestis
1647 2403 1738 2455 est
1792 2412 1994 2453 amare
2031 2410 2177 2452 usus
2225 2398 2474 2469 propter

339 2509 521 2567 usus,
577 2510 689 2553 seu
722 2495 885 2554 bona
916 2502 1165 2573 propter
1198 2495 1391 2566 bona,
1446 2511 1601 2571 quae
1638 2495 1816 2551 homo
1844 2499 2115 2569 praestat
2144 2492 2477 2562 Ecclesiae,

337 2595 602 2669 Patriae,
626 2593 913 2676 Societati
936 2596 1234 2654 humanae
1266 2602 1326 2655 et
1345 2596 1598 2670 concivi,
1619 2595 1734 2653 hoc
1758 2595 1910 2651 enim
1935 2600 2027 2651 est
2053 2609 2257 2651 amare
2274 2592 2474 2651 Deum

336 2700 400 2755 et
420 2712 622 2754 amare
651 2698 1006 2772 proximum,
1030 2699 1170 2772 quia
1189 2677 1394 2756 om'nes
1424 2711 1572 2754 usus
1601 2701 1660 2755 et
1693 2695 1894 2753 omnia
1919 2694 2077 2753 bona
2101 2698 2299 2752 sunta
2316 2692 2471 2767 Deo,

338 2802 399 2855 et
436 2813 673 2872 quoque
710 2805 850 2856 sunt
886 2800 1213 2875 proximus
1251 2800 1351 2874 qui
1387 2796 1708 2856 amandus:
1765 2802 1828 2854 at
1864 2797 1966 2871 qui
2004 2799 2166 2853 amat
2197 2793 2303 2852 illa
2326 2809 2473 2870 pro-

336 2902 477 2974 pter
513 2912 579 2955 se
599 2941 615 2969 ,
661 2901 712 2957 is
748 2916 867 2957 non
898 2904 1061 2957 amat
1095 2898 1201 2957 illa
1235 2898 1411 2958 aliter
1441 2915 1619 2974 quam
1657 2896 1975 2971 famulitia,
2029 2896 2170 2972 quia
2204 2895 2476 2953 serviunt

336 2996 486 3070 sibi3
542 2998 679 3059 inde
725 3003 1036 3076 sequitur,
1087 3000 1248 3075 quod
1284 3002 1388 3077 qui
1422 3002 1484 3057 in
1522 3015 1726 3057 amore
1763 3000 1859 3057 sui
1900 3004 2020 3071 est,
2067 2994 2214 3054 velit
2248 3002 2315 3056 ut
2349 2994 2471 3053 Ec-

334 3097 553 3175 clesia,
592 3100 830 3170 Patria,
867 3099 1213 3161 Societates
1249 3100 1583 3170 humanae,
1627 3104 1688 3158 et
1725 3100 2001 3159 concives
2038 3099 2306 3157 serviant
2338 3094 2473 3164 sibi,

234 3231 239 3236 -
330 3207 394 3258 et
427 3216 545 3258 non
580 3203 633 3259 is
669 3201 820 3277 illis,
861 3204 1043 3280 ponit
1080 3217 1148 3260 se
1176 3217 1365 3278 supra
1402 3201 1559 3271 iHoS,
1597 3206 1657 3259 et
1691 3201 1827 3261 illos
1864 3200 2018 3269 infra
2045 3214 2143 3257 se:
2181 3196 2320 3255 inde
2358 3202 2470 3266 est,

333 3300 492 3376 quod
527 3309 814 3378 quantum
859 3303 1092 3379 aliquis
1127 3304 1188 3361 in
1226 3319 1428 3361 amore
1467 3304 1564 3360 sui
1591 3307 1703 3374 est,
1739 3307 1967 3359 tantum
2003 3301 2313 3357 removeat
2339 3312 2405 3355 se
2434 3312 2473 3353 a

333 3400 549 3473 Coelo,
601 3405 743 3479 quia
777 3403 854 3462 ab
890 3403 1112 3463 Amore
1150 3402 1417 3463 coelesti.

492 3504 651 3562 558.
709 3504 936 3579 Porro,
988 3509 1276 3579 quantum
1313 3504 1533 3579 aliquis
1571 3503 1631 3559 in
1671 3517 1876 3558 amoro
1915 3495 2167 3570 coelesti
2203 3502 2324 3571 est,
2365 3498 2470 3573 qui

333 3607 428 3660 est
477 3619 682 3661 amare
739 3620 886 3661 usus
942 3608 1003 3660 et
1054 3603 1244 3677 bona,
1312 3610 1373 3662 et
1418 3601 1579 3661 affici
1619 3600 1888 3678 jucundo
1935 3598 2133 3659 cordis
2188 3614 2320 3656 cum
2363 3596 2469 3656 illa

324 3707 604 3780 ‚praestat
631 3709 881 3779 propter
908 3702 1275 3778 Ecclesiam,
1324 3702 1588 3763 Patriam
1607 3744 1623 3772 ,
1661 3699 2027 3760 Societatem
2051 3699 2372 3758 humanam
2410 3703 2471 3757 et

343 3789 699 3875 Concivem,
758 3809 986 3861 tantum
1029 3802 1285 3860 ducatur
1321 3820 1357 3861 a
1389 3803 1678 3876 Domino,
1733 3803 1884 3876 »quia
1917 3800 2020 3860 ille
2055 3800 2241 3859 Amor
2278 3804 2372 3858 est
2404 3800 2469 3857 in

333 3922 452 3980 quo
492 3903 636 3981 Ipse
649 3948 668 3980 ,
726 3910 786 3963 et
823 3907 925 3982 qui
961 3902 1038 3961 ab
1089 3902 1264 3980 Ipso:
1309 3910 1370 3962 at
1421 3907 1709 3979 quantum
1762 3902 1978 3978 aliquis
2014 3902 2076 3959 in
2116 3917 2319 3959 amore
2371 3900 2468 3959 sui

326 4012 464 4074 est,
512 4006 613 4082 qui
649 3998 837 4064 amor'
859 4011 952 4065 est
990 4020 1138 4063 usus
1184 4011 1243 4063 et
1275 4003 1436 4063 bona
1462 4010 1777 4081 praestare
1813 4009 2064 4081 propter
2098 4019 2199 4075 se,
2238 4008 2469 4060 tantum
2563 4009 2574 4016 ‘

338 4104 581 4163 ducitur
610 4123 646 4164 a
682 4114 900 4183 semet,
951 4112 1013 4166 et
1048 4112 1336 4182 quantum
1378 4104 1600 4183 aliquis
1628 4104 1864 4165 ducitur
1899 4121 1936 4162 a
1964 4109 2187 4174 semet,
2234 4107 2467 4160 tantum

332 4222 448 4263 non
499 4204 731 4266 ducitur
761 4225 797 4265 a
832 4208 1121 4283 Domin03
1177 4206 1316 4268 inde
1359 4223 1598 4284 quoque
1636 4209 1936 4283 sequitur,
1978 4202 2139 4280 quod
2174 4207 2464 4278 quantum

331 4307 467 4380 quis
511 4322 579 4365 se
631 4314 816 4384 amat,
873 4315 1100 4367 tantum
1153 4325 1219 4368 se
1276 4314 1578 4369 removeat
1631 4324 1664 4365 a
1711 4307 1973 4394 DivinO,
2020 4307 2104 4362 ita
2156 4316 2389 4376 quoquc
2431 4317 2466 4356 a
