3013 5114
380 429 660 486 GENTES
692 428 824 486 SEU
862 428 1123 486 Porum
1164 429 1413 485 Ex‘rRA
1454 430 1860 487 EchEsmM
1898 432 1970 486 IN
2009 433 2264 494 coum.
2350 447 2456 499 183

343 592 548 651 ordine
601 591 680 649 sit
721 592 967 666 sapiens
1016 597 1076 650 et
1124 591 1466 668 intelligens
1505 609 1677 653 esse:
1733 593 1890 670 quod
1926 594 2194 654 Verbum
2230 600 2460 669 attinet,

341 711 475 753 cum
512 691 930 769 praelegerem
978 691 1067 751 illi
1117 691 1341 768 aliquid
1385 710 1460 751 ex
1508 694 1917 771 PropheticiS,
1991 696 2326 757 delectatus
2368 707 2463 759 est

343 811 521 871 quam
570 795 863 867 maxime,
926 795 1252 871 praecipue
1307 811 1380 852 ex
1426 811 1497 852 eo
1555 796 1714 870 quod
1762 796 1999 871 singula
2053 797 2335 873 Nomina,
2402 807 2463 859 et

343 893 621 970 singulae
667 909 884 968 voceS,
958 888 1382 969 significarent
1410 896 1720 971 interiora,
1788 898 2035 956 miratus
2081 898 2255 957 valde
2302 901 2463 977 quod

342 994 574 1054 Eruditi
614 993 793 1052 hodie
836 1012 953 1052 non
991 994 1362 1053 delectentur
1397 995 1501 1053 tali
1539 997 1771 1074 studi03
1838 1000 2084 1075 percepi
2128 1000 2458 1075 manifeste,

347 1095 509 1173 quod
559 1097 845 1154 interiora
900 1096 1031 1173 ejus
1088 1098 1464 1172 cogitationis
1521 1114 1633 1155 seu
1686 1099 1899 1157 mentis
1955 1107 2167 1175 aperta
2221 1110 2459 1177 essent3

346 1198 509 1270 dixit,
543 1196 711 1272 ,quod
738 1214 857 1254 non
894 1196 1110 1255 adesse
1144 1204 1371 1273 posset,
1412 1201 1552 1273 quia
1592 1202 1856 1257 sanctius
1884 1202 2245 1276 perciperet,
2284 1219 2463 1277 quam

344 1303 412 1357 ut
448 1303 659 1373 posset
695 1299 1022 1369 sustinere,
1079 1299 1161 1355 ita
1203 1299 1355 1355 enim
1411 1300 1661 1359 interius
1709 1300 2101 1360 afficiebat-ur}
2193 1301 2464 1361 Tandem

346 1400 459 1458 suit
492 1413 691 1457 sermo
729 1415 865 1457 cum
901 1398 1006 1458 illo
1054 1398 1127 1456 de
1176 1398 1462 1470 Domino,
1520 1401 1680 1476 quod
1727 1410 1903 1458 natus
1953 1404 2030 1459 sit
2078 1401 2303 1472 Homo,
2356 1404 2464 1462 sed

346 1505 673 1574 conceptus
729 1516 765 1555 a
802 1499 965 1573 Deo,
1042 1506 1101 1557 et
1147 1499 1302 1575 quod
1352 1503 1585 1558 exuerit
1631 1500 1958 1559 humanum
2012 1507 2348 1562 maternum
2393 1522 2464 1563 ac

345 1600 605 1659 induerit
637 1598 982 1661 Humanum
1019 1600 1332 1675 Divinum,
1391 1607 1451 1658 et
1486 1591 1647 1677 quod
1681 1602 1793 1661 Ille
1833 1605 1912 1661 sit
1957 1602 2074 1679 Qui
2102 1602 2464 1667 Universum

352 1702 534 1776 regit3
590 1699 666 1757 ad
709 1700 861 1759 haec
911 1701 1249 1776 respondit,
1307 1701 1464 1777 quod
1513 1702 1689 1776 plura
1737 1707 1889 1762 sciat
1942 1704 2014 1762 de
2059 1704 2347 1780 Domino,
2406 1712 2467 1764 et

350 1801 704 1878 appercepit
739 1818 849 1859 suo
886 1802 1096 1876 modo,
1154 1802 1313 1878 quod
1354 1820 1471 1861 non
1510 1803 1685 1862 aliter
1720 1803 1849 1862 fieri
1894 1806 2193 1880 potuisset
2237 1809 2291 1865 si
2333 1805 2462 1865 sal-

350 1908 596 1961 varetur
633 1900 839 1960 Genus
876 1901 1231 1977 humanum3
1288 1904 1516 1962 interea
1556 1903 1793 1977 quidam
1838 1902 2157 1962 Christiani
2192 1907 2333 1965 mali
2367 1908 2460 1965 in-
2570 1926 2584 1932 ·

346 2001 676 2062 fundebant
714 2005 884 2062 varia
908 2001 1235 2074 scandala,
1291 2003 1399 2062 sed
1433 2004 1537 2061 illa
1577 2021 1693 2062 non
1729 2003 2009 2079 curabat,
2066 2006 2268 2064 dicens
2306 2008 2469 2084 quod

345 2120 463 2162 non
509 2106 720 2161 mirum
770 2105 880 2178 sit,
939 2106 1081 2187 quia
1127 2104 1466 2164 imbuerunt
1514 2107 1575 2162 in
1609 2106 1734 2163 vita
1779 2090 2044 2182 corporis
2086 2104 2159 2165 de
2194 2103 2312 2166 illis
2349 2125 2470 2172 non

347 2204 525 2279 talia,
592 2205 748 2262 sicut
785 2204 985 2280 decet,
1042 2211 1101 2264 et
1152 2206 1308 2281 quod
1350 2214 1668 2282 antequam
1720 2206 1863 2264 talia
1906 2206 2179 2266 discussa
2227 2209 2464 2285 suerint,

345 2322 465 2364 non
528 2304 840 2365 admittere
903 2313 1154 2382 possent
1213 2307 1319 2368 illa
1383 2324 1537 2383 quae
1602 2307 1979 2382 confirmant,
2061 2310 2216 2367 sicut
2267 2311 2308 2369 ii
2366 2313 2467 2385 qui

343 2408 636 2485 ignorant.

508 2508 667 2567 323.
749 2507 943 2585 Loqui
991 2509 1171 2567 etiam
1225 2509 1429 2569 datum
1482 2515 1575 2568 est
1627 2526 1758 2568 cum
1817 2507 1981 2583 aliis,
2050 2511 2152 2585 qui
2204 2511 2466 2585 antiquis

347 2608 718 2685 temporibus
757 2612 1060 2679 vixerant,
1115 2615 1175 2667 et
1226 2612 1328 2685 qui
1376 2616 1517 2666 tunc
1565 2612 1721 2669 inter
1754 2610 2152 2686 sapientiores
2185 2609 2466 2685 fuerunt,

348 2711 468 2767 visi
498 2711 748 2785 primum
789 2717 1122 2769 antrorsum
1153 2711 1229 2769 ad
1267 2710 1639 2783 distantiam,
1682 2727 1749 2768 ac
1784 2708 1868 2768 ibi
1894 2715 2218 2785 potuerunt
2243 2728 2468 2787 apper-

350 2813 551 2887 cipere
600 2813 884 2871 interiora
932 2812 1356 2888 cogitationum
1394 2828 1694 2885 mearum,
1761 2812 1846 2869 ita
1888 2810 2077 2870 multa
2125 2812 2336 2887 plene,
2393 2830 2469 2872 ex

346 2929 470 2971 una
515 2912 652 2970 idea
692 2914 1069 2987 cogitationis
1106 2918 1433 2987 potuerunt
1471 2914 1626 2971 scire
1663 2914 1951 2989 integram
1991 2915 2237 2988 seriem,
2297 2918 2356 2971 et
2391 2913 2466 2970 il-

348 3015 468 3075 lam
499 3011 955 3072 delectabilibus
983 3015 1314 3088 sapientiae
1356 3029 1489 3072 cum
1515 3013 2171 3090 repraesentationibus
2189 3016 2468 3113 xamoenis

346 3113 630 3191 implere3
684 3114 823 3172 inde
862 3121 1214 3189 perceptum
1241 3121 1367 3184 est,
1426 3114 1587 3190 quod
1623 3116 1778 3173 inter
1805 3115 2203 3190 sapientiores
2243 3123 2468 3184 essent,

351 3223 413 3275 et
459 3215 678 3273 dictum
717 3222 838 3288 est,
897 3212 1057 3290 quod
1094 3221 1296 3273 essent
1344 3215 1420 3273 ab
1456 3216 1736 3291 Antiquis
1752 3234 1769 3291 3
1824 3232 1894 3274 ac
1943 3217 2026 3273 ita
2073 3219 2321 3293 propius
2366 3232 2468 3273 ac..

351 3322 696 3392 cesserunt,
752 3330 1006 3391 cumque
1043 3321 1183 3374 tunc
1233 3316 1651 3392 praelegerem
1696 3316 1815 3375 illis
1857 3314 2082 3391 aliquid
2129 3334 2201 3374 ex
2242 3314 2465 3387 Verbo,

351 3433 733 3493 summopere
782 3415 1064 3474 delectati
1107 3423 1272 3489 sunt3
1328 3418 1523 3492 ipsam
1576 3415 2036 3475 delectationem
2085 3423 2146 3473 et
2180 3414 2467 3491 jucundi-

350 3523 540 3575 tatem
588 3534 793 3576 eorum
842 3515 1283 3592 percipiebam,
1362 3533 1516 3592 quae
1567 3518 1823 3574 maxime
1884 3514 2021 3573 inde
2087 3519 2241 3588 erat,
2311 3513 2471 3590 quod

353 3619 552 3675 omnia
606 3622 667 3675 et
710 3616 945 3693 singula
983 3634 1136 3691 quae
1192 3615 1517 3675 audiebant
1564 3633 1638 3675 ex
1692 3614 1934 3684 Verbo,
2004 3614 2353 3674 coelestium
2399 3631 2470 3675 ac

352 3716 753 3794 spiritualium
789 3718 1308 3793 repraesentativa
1355 3723 1414 3777 et
1450 3715 1848 3793 significativa
1885 3721 2088 3773 essent
2101 3734 2117 3790 3
2173 3714 2467 3790 dicebant,

353 3817 516 3895 quod
560 3833 672 3876 suo
720 3824 1022 3894 tempore,
1076 3834 1209 3875 cum
1257 3819 1316 3874 in
1362 3816 1580 3874 mundo
1625 3818 1934 3889 vixerunt,
2003 3815 2215 3876 modus
2264 3835 2469 3876 eorum

354 3918 657 3994 cogitandi
693 3926 754 3977 et
786 3917 1099 3993 loquendi,
1152 3925 1275 3976 tum
1315 3934 1553 3993 quoque
1591 3916 1919 3993 scribendi,
1976 3916 2112 3977 talis
2149 3918 2355 3989 fuerit,
2411 3926 2471 3976 et

356 4018 515 4093 quod
550 4018 665 4078 hoc
707 4021 1042 4095 sapientiae
1086 4036 1289 4078 eorum
1327 4017 1610 4077 studium.

515 4120 674 4178 324.
744 4119 920 4196 Quod
963 4126 1165 4178 autem
1216 4118 1497 4195 gentiles,
1554 4120 1657 4196 qui
1703 4119 1880 4180 hodie
1922 4126 2091 4195 sunt,
2146 4120 2470 4192 concernit,

355 4217 446 4277 illi
483 4236 600 4278 non
632 4222 719 4280 ita
764 4222 1075 4297 sapientes
1124 4225 1294 4290 sunt,
1347 4219 1456 4279 sed
1491 4220 1766 4297 plerique
1806 4222 2110 4299 simplices
2148 4219 2358 4293 corde3
2415 4224 2476 4276 at

355 4335 546 4396 usque
598 4322 893 4397 recipiunt
936 4322 1294 4397 sapientiam
1342 4323 1400 4379 in
1445 4321 1636 4381 altera
1669 4323 1795 4380 vita
1845 4323 1887 4380 ii
1936 4340 2010 4383 ex
2060 4319 2208 4393 illis,
2268 4320 2365 4394 qui
2416 4321 2475 4375 in
