3013 5114
1057 428 1189 481 SOL
1229 428 1302 482 IN
1345 428 1599 482 COELO.
2324 442 2396 491 «37

436 591 600 649 123.
685 588 981 664 Quoniam
1033 588 1330 648 Dominus
1381 595 1639 665 apparet
1696 590 1758 647 in
1808 587 1991 650 Coelo
2041 596 2106 648 ut
2171 590 2276 651 Sol
2324 610 2398 651 ex

271 694 495 753 Divino
532 691 755 750 Amore
793 692 894 765 qui
931 696 1024 749 est
1069 691 1132 747 in
1165 689 1309 767 Ipso
1348 696 1409 750 et
1440 690 1525 771 ‘ab
1565 688 1742 766 Ipso,
1798 689 1934 748 ideo
1974 693 2153 750 etiam
2192 709 2398 751 omnes

277 794 474 870 quiin
521 789 722 851 Coelis
772 796 944 861 sunt,
993 797 1237 849 vertunt
1286 807 1354 849 se
1409 796 1755 849 constanter
1798 790 1875 848 ad
1907 790 2145 868 Ipsum3
2201 795 2302 868 qui
2338 795 2400 852 in

276 895 488 969 Regno
526 892 779 951 coelesti
813 891 892 949 ad
937 891 1149 968 Ipsum
1197 898 1264 949 ut
1312 890 1551 962 Solem,
1605 893 1707 967 qui
1745 894 1805 950 in
1842 889 2050 968 Regno
2090 892 2400 970 Spirituali

279 995 357 1053 ad
402 993 615 1070 Ipsum
663 999 729 1050 ut
781 991 1042 1050 Lunam:
1098 991 1185 1050 illi
1236 998 1472 1066 autem,
1540 994 1642 1068 qui
1688 995 1748 1050 in
1803 990 2043 1051 Inferno
2096 1000 2273 1069 sunt,
2329 1012 2398 1056 se

280 1100 524 1159 vertunt
560 1094 638 1152 ad
679 1092 1071 1168 caliginosum
1109 1097 1169 1150 et
1203 1091 1605 1166 tenebrosum,
1648 1109 1802 1167 quae
1831 1109 1905 1151 ex
1934 1096 2212 1169 opposito
2241 1102 2399 1171 sunt,

280 1198 364 1254 ita
397 1201 559 1254 retro
614 1212 651 1252 a
698 1194 987 1268 Domin03
1045 1211 1113 1253 ex
1157 1209 1369 1267 causa,
1427 1195 1572 1270 quia
1619 1210 1826 1252 omnes
1877 1195 1979 1266 qui
2024 1194 2085 1251 in
2130 1195 2396 1270 infernis,

280 1298 342 1355 in
377 1312 582 1354 amore
633 1295 727 1353 sui
780 1300 840 1352 et
890 1294 1096 1351 mundi
1148 1301 1316 1367 sunt,
1373 1298 1458 1352 ita
1517 1295 1780 1370 oppositi
1831 1292 2121 1353 Domino:
2188 1297 2287 1371 qui
2332 1313 2399 1356 se

283 1402 527 1455 vertunt
575 1395 655 1452 ad
694 1395 1116 1470 caliginosum,
1174 1395 1334 1471 quod
1374 1394 1509 1454 loeo
1556 1396 1701 1453 solis
1750 1393 1956 1453 mundi
1992 1402 2114 1466 est,
2166 1400 2403 1455 suntin

282 1496 539 1556 Infernis
581 1513 618 1554 a
655 1502 851 1571 terg0,
907 1502 966 1553 et
1000 1501 1292 1554 vocantur
1331 1494 1536 1570 Genii3
1577 1497 1679 1571 qui
1716 1502 1918 1554 autem
1954 1512 2021 1555 se
2058 1502 2298 1555 vertunt
2325 1497 2404 1555 ad

282 1597 694 1668 tenebrosum,
761 1595 921 1673 quod
955 1595 1087 1655 loeo
1136 1595 1316 1654 lunae
1365 1603 1489 1670 est,
1547 1597 1783 1654 suntin
1814 1596 2071 1655 Infernis
2119 1599 2403 1671 anteriuS,

286 1705 346 1757 et
377 1703 675 1767 vocantur
729 1695 1021 1772 Spiritus:
1092 1697 1230 1756 inde
1280 1703 1402 1771 est,
1461 1695 1622 1771 quod
1673 1699 1776 1772 qui
1827 1699 1888 1755 in
1931 1696 2188 1756 Infernis
2242 1705 2397 1773 sunt,

285 1799 563 1858 dieantur
600 1813 737 1856 esse
778 1799 840 1854 in
879 1797 1177 1866 tenebris,
1232 1803 1292 1855 et
1329 1798 1430 1873 qui
1464 1798 1526 1854 in
1563 1795 1761 1856 Coelis
1796 1800 1858 1855 in
1892 1797 2029 1856 luee
2041 1818 2058 1873 3
2114 1798 2401 1860 tenebrae

285 1898 623 1976 significant
666 1896 885 1956 falsum
933 1915 1008 1956 ex
1058 1897 1244 1972 malo,
1313 1904 1373 1955 et
1424 1896 1529 1955 lux
1583 1913 1790 1954 verum
1846 1915 1918 1956 ex
1968 1896 2143 1956 bono,
2227 1897 2404 1973 Quod

284 2002 370 2058 ita
406 2016 474 2058 se
511 2004 776 2072 vertant,
832 2007 926 2057 est
962 2014 1176 2073 causa,
1234 1999 1372 2073 quia
1412 2013 1617 2055 omnes
1646 1997 1706 2053 in
1744 1997 1935 2056 altera
1965 1997 2090 2056 vita
2127 2004 2406 2075 spectant

285 2101 364 2160 ad
402 2100 509 2159 illa
545 2116 697 2175 quae
734 2105 986 2175 regnant
1021 2103 1083 2156 in
1115 2098 1496 2159 interioribus
1541 2116 1778 2172 eorum,
1818 2101 1904 2158 ita
1938 2098 2016 2156 ad
2046 2115 2192 2158 suos
2231 2110 2401 2158 amo-

284 2218 385 2260 res
400 2246 416 2276 ,
488 2218 561 2259 ac
616 2201 900 2259 interiora
952 2200 1179 2258 faciunt
1226 2201 1442 2259 faciem
1487 2191 1704 2276 Angeli
1758 2206 1818 2258 et
1875 2199 2166 2277 Spiritus3
2234 2206 2295 2261 et
2343 2202 2407 2259 in

284 2302 514 2362 Mundo
544 2300 841 2377 spirituali
876 2317 993 2358 non
1024 2308 1162 2358 sunt
1189 2301 1408 2378 plagae
1440 2300 1871 2361 determinatae
1895 2304 2052 2360 sieut
2084 2303 2146 2359 in
2180 2301 2406 2362 Mundo

286 2402 580 2476 naturali,
621 2402 730 2461 sed
765 2401 951 2460 facies
990 2407 1082 2460 est
1120 2420 1273 2477 quae
1312 2402 1687 2461 determinat.
1756 2402 1953 2461 Homo
1991 2403 2173 2461 etiam
2208 2401 2407 2478 quoad

286 2503 578 2582 Spiritum
633 2519 809 2562 suum
865 2502 1137 2562 similiter
1189 2519 1256 2562 se
1310 2505 1519 2577 vertit,
1586 2508 1746 2561 retro
1800 2520 1836 2560 a
1884 2502 2142 2562 Domino
2195 2504 2297 2579 qui
2345 2504 2407 2560 in

287 2623 493 2663 amore
531 2607 626 2664 sui
663 2611 723 2662 et
757 2604 960 2663 mundi
996 2610 1118 2677 est,
1175 2610 1236 2662 et
1272 2602 1349 2660 ad
1384 2602 1595 2679 Ipsum
1634 2604 1736 2679 qui
1770 2604 1829 2659 in
1856 2619 2067 2678 'amore
2102 2604 2164 2660 in
2197 2602 2408 2677 Ipsum

289 2713 352 2765 et
387 2723 536 2782 erga
567 2708 904 2782 proximum
945 2710 1066 2781 est3
1124 2703 1237 2763 sed
1270 2684 1448 2761 homo
1495 2703 1559 2761 id
1608 2704 1827 2778 nescit,
1885 2704 2026 2778 quia
2078 2704 2141 2760 in
2187 2702 2409 2763 mundo

288 2805 553 2865 naturali
588 2812 714 2875 est,
766 2804 870 2864 ubi
902 2803 1121 2882 plagae
1158 2805 1629 2864 determinantur
1664 2804 1991 2863 seeundum
2034 2803 2179 2863 solis
2218 2808 2412 2863 ortum

291 2914 354 2966 et
389 2924 707 2966 occasum:
747 2913 844 2964 ast
870 2906 1014 2981 hoc,
1058 2908 1197 2982 quia
1233 2922 1412 2982 aegre
1452 2904 1528 2963 ab
1562 2905 1800 2965 homine
1838 2908 1974 2982 capi
2006 2911 2225 2983 potest,
2263 2905 2406 2965 illu·

288 3008 578 3066 strabitur
622 3009 682 3065 in
723 3005 1142 3083 sequentibuS,
1199 3006 1304 3065 ubi
1341 3005 1413 3066 de
1450 3005 1687 3084 PlagiS‚
1746 3004 1957 3083 Spatio
1996 3013 2056 3065 et
2108 3005 2408 3083 Tempore

289 3111 355 3167 in
396 3106 614 3184 Coelo,
669 3113 900 3184 agetur.

451 3230 613 3286 124.
671 3226 830 3303 Quia
875 3226 1170 3286 Dominus
1225 3233 1319 3286 est
1366 3225 1471 3287 Sol
1525 3227 1703 3303 coeli,
1773 3235 1834 3288 et
1884 3230 2082 3286 omnia
2129 3234 2409 3304 spectant

288 3329 502 3405 Ipsum
540 3345 695 3405 quae
739 3327 815 3385 ab
843 3327 1021 3404 Ipso,
1075 3327 1212 3386 ideo
1252 3329 1431 3387 etiam
1462 3328 1755 3388 Dominus
1797 3336 1889 3388 est
1921 3327 2206 3387 Centrum
2244 3344 2411 3387 eom-

291 3447 501 3503 mune‚
562 3446 599 3487 a
648 3428 781 3504 Quo
831 3430 1022 3487 omnis
1067 3427 1313 3488 directio
1355 3437 1413 3487 et
1465 3428 1881 3488 determinatio
1932 3424 2073 3508 (ee).
2156 3427 2234 3485 Et
2275 3428 2413 3489 ideo

293 3547 534 3607 quoque
569 3532 633 3588 in
659 3530 1016 3588 Praesentia
1051 3536 1111 3588 et
1148 3529 1260 3587 sub
1288 3529 1581 3606 Auspicio
1618 3529 1822 3606 Ipsius
1859 3534 2001 3587 sunt
2035 3525 2415 3605 omniaquae

291 3631 450 3689 infra
483 3637 656 3705 sunt,
712 3635 835 3689 tam
871 3646 1027 3705 quae
1062 3632 1124 3689 in
1160 3629 1345 3690 coelis
1386 3636 1562 3699 sunt,
1613 3647 1792 3705 quam
1830 3646 1986 3704 quae
2021 3630 2082 3687 in
2117 3632 2310 3689 terris,

293 3863 630 3926 Dominum,
673 3878 741 3914 nt
788 3869 952 3923 7078.
999 3869 1165 3921 9755.
1248 3861 1414 3927 Quod
1456 3862 1545 3914 sol
1581 3861 1641 3914 in
1672 3861 1946 3933 opposito
1990 3878 2163 3916 sensu
2203 3861 2414 3934 signifi·

292 3949 386 3993 eet
411 3956 673 3992 amorem
701 3938 809 4002 sui,
843 3955 898 3990 n:
942 3946 1121 3999 2441:
1167 3938 1227 3990 in
1269 3956 1385 4009 quo
1417 3955 1587 3990 sensu
1623 3955 1730 4009 per
1757 3937 2001 3991 adorare
2032 3939 2215 3991 solem
2243 3938 2418 4010 signi-

291 4015 500 4068 ficatur
541 4013 788 4067 adorare
831 4014 926 4066 ina
956 4031 1104 4086 quae
1147 4013 1439 4067 contraria
1483 4024 1616 4066 sunt
1655 4014 1841 4067 amori
1886 4014 2124 4069 coelesti
2169 4032 2271 4067 seu
2305 4017 2416 4067 Do·

292 4090 473 4154 mino,
519 4108 584 4143 n:
629 4097 796 4150 2441.
825 4092 1030 4151 10584.
1090 4087 1256 4154 Quod
1298 4091 1386 4143 sol
1428 4090 1595 4143 Coeli
1639 4089 1754 4142 illis
1798 4091 1897 4163 qui
1943 4091 2000 4143 in
2029 4090 2295 4154 inferniS,
2346 4089 2425 4143 sit

291 4167 516 4239 caligo,
559 4184 628 4217 n:
671 4173 842 4227 2441.

448 4262 569 4326 (ee)
625 4258 793 4326 Quod
848 4259 1129 4314 Dominus
1183 4260 1257 4312 sit
1298 4261 1577 4313 Centrum
1620 4276 1958 4324 commune,
2020 4259 2089 4313 ad
2150 4258 2308 4331 quod
2360 4275 2421 4310 se

291 4347 528 4390 vertunt
570 4337 764 4391 omnia
805 4337 991 4400 coeli,
1037 4355 1105 4389 n:
1151 4344 1319 4396 3633.
