3013 5114
948 428 1043 483 DE
1085 426 1583 487 IMMENSITATE
1625 429 1860 491 COELI.
2355 440 2465 495 249

339 593 454 652 bus
503 596 563 650 et
588 580 835 667 Angelis
847 634 877 664 ,
919 589 1195 649 videatur
1236 592 1299 649 in
1341 591 1689 669 supradicto
1726 589 2066 669 Opusculo:
2120 590 2256 662 illa,
2310 610 2465 676 quae

338 694 425 753 ibi
460 696 627 766 sunt,
684 691 830 750 mihi
867 690 1137 750 revelata
1179 698 1239 750 et
1280 698 1526 752 ostensa
1560 699 1730 765 sunt,
1784 692 1858 753 ob
1893 692 2070 752 finem
2108 697 2174 750 ut
2221 693 2464 764 sciatur,

340 793 502 872 quod
549 791 800 852 Coelum
837 791 1080 851 Domini
1117 793 1484 852 immensum
1539 796 1649 866 sit,
1716 800 1776 877 et
1823 794 1980 870 quod
2029 799 2220 852 totum
2267 795 2345 852 sit
2391 810 2466 851 ex

338 894 621 955 Humano
669 893 936 968 Genere;
992 898 1118 950 tum
1155 893 1314 969 quod
1356 892 1652 954 Dominus
1688 897 1896 954 noster
1929 893 2125 954 ubivis
2167 910 2462 971 agnosca-

339 1003 439 1056 tur
481 1012 593 1072 pro
628 994 763 1054 Deo
808 991 979 1053 Coeli
1018 999 1078 1052 et
1114 993 1362 1053 Terrae.

499 1097 665 1155 418.
746 1093 921 1171 Quod
968 1091 1220 1153 Coelum
1254 1094 1496 1155 Domini
1532 1098 1888 1175 immensum
1927 1098 2037 1168 sit,
2091 1096 2267 1155 etiam
2306 1111 2462 1159 ,con-

343 1203 507 1258 stare
543 1201 750 1273 potest
804 1212 879 1254 ex
930 1211 1037 1269 eo,
1096 1195 1255 1271 quod
1299 1193 1548 1257 Coelum
1596 1199 1658 1256 in
1705 1203 1831 1257 toto
1877 1196 2196 1274 complexu
2244 1196 2466 1255 referat

338 1299 538 1360 Unum
584 1296 930 1368 Hominem,
986 1301 1046 1354 et
1093 1312 1332 1373 quoque
1380 1297 1846 1376 correspondeat
1902 1296 2173 1358 omnibus
2230 1304 2290 1355 et
2336 1298 2462 1355 sin-

339 1400 497 1478 gulis
535 1396 698 1475 apud
732 1397 1063 1466 hominem,
1116 1402 1178 1456 et
1216 1397 1378 1474 quod
1423 1396 1530 1457 illa
1579 1396 2124 1474 Correspondentia
2170 1413 2465 1473 nusquam

336 1499 580 1577 impleri
621 1499 844 1574 possit,
903 1498 1179 1573 quoniam
1222 1515 1342 1558 non
1382 1499 1559 1558 modo
1607 1497 2292 1575 Correspondcntia‘est
2332 1513 2466 1556 cum

340 1599 591 1678 singulis
626 1598 946 1668 Membris»,
1000 1596 1291 1674 Organis,
1331 1605 1393 1659 et
1419 1598 1774 1660 Visceribus
1813 1601 2079 1676 corporis
2106 1601 2167 1656 in
2207 1597 2464 1672 Genere,

339 1701 451 1769 sed
487 1702 666 1760 etiam
707 1701 767 1757 in
807 1697 1162 1777 particulari
1204 1705 1267 1759 et
1304 1700 1595 1777 singulari
1631 1717 1764 1759 cum
1803 1700 2077 1760 omnibus
2119 1704 2178 1758 et
2212 1697 2464 1775 singulis

337 1800 656 1861 viscerulis
694 1807 754 1859 et
790 1798 1123 1877 organulis,
1161 1817 1316 1876 quae
1359 1802 1516 1860 intra
1556 1799 1691 1871 illa,
1738 1803 1856 1860 imo
1895 1819 2028 1860 cum
2063 1799 2314 1877 singulis
2348 1815 2461 1857 va·

341 1905 427 1963 sis
466 1908 527 1962 et
565 1901 729 1959 fibris
748 1921 765 1976 3
823 1908 883 1960 et
918 1917 1038 1958 non
1075 1900 1251 1959 modo
1289 1918 1425 1962 cum
1459 1900 1608 1974 illis,
1647 1901 1759 1960 sed
1794 1903 1974 1959 etiam
2005 1918 2139 1959 cum
2176 1899 2462 1982 substan-

340 2005 438 2062 tiis
491 2004 820 2078 organicis,
880 2017 1034 2077 quae
1074 2003 1324 2060 interius
1379 2002 1679 2078 recipiunt
1723 2001 2009 2061 influxum
2049 1998 2251 2074 Coeli,
2308 1998 2465 2058 unde

337 2105 574 2178 homini,
599 2105 935 2161 activitates
978 2103 1295 2161 interiores
1334 2105 1735 2162 inservientes
1769 2102 1897 2179 ejtis
1936 2102 2116 2160 animi
2153 2101 2463 2177 operatio-

337 2204 552 2279 nibus3
606 2220 743 2262 nam
800 2201 1083 2281 quicquid
1142 2205 1391 2262 interius
1450 2205 1512 2261 in
1561 2202 1799 2262 homine
1856 2204 2085 2271 existit,
2148 2203 2210 2259 in
2263 2200 2464 2260 formis

340 2321 495 2383 quae
535 2310 676 2364 sunt
703 2304 1111 2376 substantiae,
1167 2307 1401 2380 existit,
1458 2305 1619 2381 quod
1668 2306 1825 2363 enim
1862 2321 1981 2362 non
2016 2304 2077 2361 in
2115 2301 2465 2362 substantiis

334 2413 403 2465 ut
445 2405 736 2484 subjectis
775 2407 1004 2479 existit,
1048 2404 1193 2464 nihil
1231 2412 1360 2465 est:
1417 2407 1681 2464 omnium
1717 2404 1931 2463 horum
1970 2398 2500 2479 corresponden-‘

329 2510 422 2568 tia
465 2513 559 2567 est
605 2523 739 2567 cum
786 2505 1000 2580 Coelo,
1059 2513 1126 2565 ut
1175 2512 1450 2567 constare
1496 2510 1702 2583 potest
1751 2522 1826 2564 ex
1868 2502 2174 2577 Articulo,
2243 2502 2343 2560 ubi
2390 2500 2464 2560 de

338 2608 886 2685 Correspondentia
926 2607 1188 2667 omnium
1230 2605 1399 2667 Coeli
1428 2588 1564 2665 cum
1599 2605 1874 2664 omnibus
1914 2603 2188 2676 hominis,
2244 2619 2313 2659 n:
2367 2603 2451 2660 87

335 2709 416 2769 ad
461 2711 619 2785 102,
677 2715 873 2769 actum
914 2714 1038 2768 est:
1093 2709 1245 2768 haec
1283 2706 1830 2784 correspondentia
1876 2720 2178 2786 nusquam
2224 2702 2463 2779 impleri

332 2817 574 2889 potest,
628 2812 767 2887 quia
817 2828 937 2887 quo
976 2808 1187 2886 plures
1236 2809 1710 2869 consociationes
1760 2805 2067 2883 angelicae
2114 2810 2256 2864 sunt
2306 2820 2462 2880 quae

334 2914 438 2971 uni
473 2911 743 2971 Membro
781 2910 1286 2987 correspondent,
1342 2927 1412 2968 eo
1462 2908 1792 2986 perfectius
1831 2907 1899 2966 fit
1935 2906 2196 2982 coelum3
2250 2907 2467 2965 crescit

336 3015 493 3072 enim
537 3015 725 3072 omnis
761 3013 1055 3089 perfectio
1096 3013 1157 3069 in
1195 3009 1396 3071 Coelis
1441 3007 1770 3069 secundum
1795 3007 2237 3085 pluralitatem:
2279 3022 2466 3065 causa

336 3113 498 3192 quod
532 3115 820 3191 perfectio
861 3116 922 3172 in
960 3112 1145 3171 coelis
1184 3118 1418 3171 crescat
1461 3110 1793 3171 secundum
1842 3108 2290 3186 pluralitatem,
2349 3112 2460 3181 est,

334 3218 478 3293 quia
523 3215 607 3273 ibi
661 3220 754 3275 est
797 3230 955 3275 unus
1004 3212 1138 3271 finis
1178 3215 1466 3286 omnium,
1539 3228 1608 3276 ac
1643 3213 1959 3270 unanimus
2005 3214 2290 3285 aspectus
2329 3225 2459 3266 om-

331 3318 495 3375 nium
538 3303 634 3374 ad‘
662 3315 832 3375 illum
875 3315 1088 3389 finem3
1154 3313 1252 3373 hic
1298 3312 1432 3373 finis
1485 3321 1578 3372 est
1624 3310 1951 3372 Commune
1997 3310 2246 3382 bonum,
2304 3304 2462 3383 quod
2512 3353 2531 3372 ,

333 3434 470 3476 cum
508 3423 723 3493 regnat
759 3418 938 3475 etiam
975 3433 1011 3474 a
1048 3416 1347 3474 communi
1391 3414 1550 3473 bono
1598 3419 1691 3472 est
1736 3412 1958 3470 bonum
1995 3407 2276 3484 singuliS,
2335 3411 2395 3464 et
2429 3422 2466 3462 a

332 3516 706 3593 singulorum
744 3517 915 3577 bonis
964 3521 1059 3577 est
1092 3515 1314 3573 bonum
1363 3514 1659 3574 communi
1671 3532 1687 3588 3
1746 3512 1860 3570 hoc
1894 3509 1961 3568 fit
1996 3509 2136 3584 quia
2169 3506 2463 3566 Dominus

336 3633 546 3676 omnes
590 3618 650 3674 in
694 3615 875 3676 Coelo
925 3618 1000 3676 ad
1056 3614 1136 3676 Se
1189 3617 1402 3686 vertit,
1454 3614 1730 3671 videatur
1782 3627 1971 3687 supra
2026 3625 2099 3665 n:
2166 3608 2337 3682 123,
2406 3611 2466 3665 et

329 3735 447 3797 per
480 3717 543 3777 id
584 3717 730 3776 facit
774 3724 841 3776 ut
878 3735 1058 3777 unum
1093 3718 1300 3776 sintin
1336 3714 1439 3775 Se.
1498 3712 1675 3789 Quod
1713 3712 1977 3788 plurium
2016 3708 2369 3767 unanimitas
2408 3713 2467 3767 et

328 3819 683 3894 concordia,
737 3820 1025 3895 imprimis
1064 3834 1139 3877 ex
1178 3816 1286 3875 tali
1327 3816 1587 3892 orIgine,
1650 3819 1711 3901 et
1744 3815 1807 3872 in
1845 3811 1952 3871 tali
1992 3809 2264 3879 vinculo,
2315 3827 2460 3886 per-

329 3921 648 3982 fectionem
681 3920 1011 3999 producat,
1069 3919 1325 3995 quisque
1366 3934 1443 3975 cx
1477 3915 1709 3974 ratione
1745 3913 2116 3991 aliquantum
2160 3910 2465 3970 illustrata

329 4024 679 4099 perspicere
722 4027 947 4100 potest.
2527 4009 2532 4014 ’

318 4145 322 4150 ·
387 4159 392 4164 -
489 4124 652 4181 419.
706 4122 932 4183 Datum
974 4123 1154 4183 etiam
1202 4124 1295 4180 est
1344 4118 1552 4179 videre
1604 4118 2016 4178 extensionem
2065 4112 2236 4175 Coeli
2280 4111 2461 4171 habi-

331 4223 476 4292 tati,
530 4228 590 4282 et
625 4240 863 4300 quoque
904 4240 1024 4284 non
1058 4220 1345 4294 habitati,
1386 4226 1446 4280 et
1479 4220 1604 4279 vidi
1634 4218 1795 4297 quod
1831 4218 2102 4278 extensio
2133 4212 2304 4274 Coeli
2343 4228 2465 4272 non

222 4388 239 4404 ..
332 4322 591 4384 habitati
640 4329 807 4384 tanta
851 4329 1052 4395 esset,
1099 4326 1163 4414 qt
1209 4339 1325 4381 non
1376 4320 1615 4400 impleri
1668 4320 1864 4397 possit
1906 4319 1965 4375 in
2011 4320 2350 4381 aeternum,
2414 4312 2466 4370 si
