3013 5114
561 416 669 467 156
1179 403 1272 456 DE
1321 403 1561 457 COELO
1608 402 1701 455 ΕΤ
1745 401 2079 456 ΙΝΕΕΚΝΟ.

556 565 681 627 IX:
755 566 813 624 5.
860 565 915 621 6.
1009 560 1252 637 „Jesus
1300 561 1511 635 dixit,
1580 564 1805 623 Picum
1843 560 2128 641 relinquo
2187 561 2385 637 vobis,
2465 563 2688 622 Piscem

556 684 763 726 meam
811 661 892 723 do
929 662 1130 733 vobis,
1179 681 1303 723 uon
1343 663 1512 724 siout
1567 663 1851 723 muudus
1904 662 2043 737 dat,
2118 660 2268 742 Eyo
2318 662 2398 723 do
2435 662 2680 734 vobis,“

564 767 726 827 Joh:
774 764 957 824 XIV:
1011 769 1123 823 27.
1198 762 1429 838 „Haec
1466 761 1765 843 loquutus
1800 783 1944 823 sum
1983 763 2171 839 vobi-9,
2210 769 2282 823 ut
2318 764 2389 824 iu
2422 762 2530 822 Me
2555 764 2689 823 PA-

564 886 691 926 ch
731 865 1085 939 habeatis·st
1120 865 1260 924 Joh:
1298 865 1470 923 XVI:
1519 867 1628 924 33.
1688 862 1948 938 „Tollet
1975 864 2258 924 Jehovah
2280 865 2494 944 facies·
2530 884 2688 925 suas

558 967 650 1028 ad
695 974 767 1039 te,
825 972 884 1026 et
926 965 1103 1026 dabit
1149 965 1266 1025 tibi
1300 966 1588 1041 PAcnmf‘
1639 965 1827 1025 Num:
1877 966 1995 1024 VI:
2040 970 2149 1025 26.
2223 969 2511 1039 „Anum
2558 965 2683 1024 PA-

559 1088 653 1128 crs
691 1086 909 1128 amare
931 1066 1121 1144 flent,
1162 1071 1453 1125 vastatae
1492 1073 1644 1126 suut
1678 1066 1955 1139 semitae,
1972 1069 2006 1097 “
2047 1067 2224 1125 Esai:
2263 1066 2576 1126 XXXIII:
2624 1071 2681 1124 7.

564 1175 622 1230 8.
682 1167 885 1243 „Erit
927 1187 1083 1247 opus
1108 1166 1417 1248 justitiae
1450 1168 1617 1242 PA13
1667 1172 1726 1225 et
1761 1166 2069 1226 habitabit
2095 1165 2379 1245 populus
2406 1187 2582 1228 meus
2619 1166 2689 1226 iu

560 1288 945 1332 immunem
983 1269 1238 1343 PAmsf‘
1267 1269 1427 1325 Esai:
1467 1263 1722 1326 XXXII:
1773 1272 1877 1325 17.
1927 1271 2031 1325 18.
2092 1268 2265 1343 Quod
2302 1271 2376 1326 sit
2413 1270 2542 1326 Pax
2574 1269 2686 1327 Di-

560 1374 701 1429 vina
730 1377 788 1428 et
811 1369 1110 1438 coelestiS‚
1138 1386 1292 1444 quae
1320 1387 1430 1444 per
1456 1368 1674 1427 Pacem
1701 1372 1760 1426 in
1785 1368 1988 1427 Verbo
2010 1370 2377 1444 intelligitur,
2408 1376 2685 1427 constare

561 1466 753 1531 etiam
779 1477 981 1548 potest
1019 1488 1091 1527 ex
1129 1469 1260 1527 aliis
1302 1468 1483 1542 locis,
1542 1469 1643 1527 ubi
1681 1472 2048 1538 nominatur,
2100 1477 2167 1527 ut
2217 1472 2388 1528 Esai:
2430 1469 2573 1527 LII:
2622 1475 2681 1526 7.

561 1571 721 1648 Cap:
764 1570 935 1629 LIV:
985 1572 1091 1627 10.
1148 1569 1303 1645 Cap:
1344 1568 1505 1627 LIX:
1554 1574 1613 1628 8.
1672 1570 1899 1629 Jerem:
1939 1566 2111 1629 XVI:
2153 1572 2207 1629 5.
2265 1569 2427 1646 Cap:
2466 1569 2683 1629 XXV:

564 1675 675 1731 37.
746 1671 905 1747 Cap:
964 1667 1203 1730 XXIX:
1269 1675 1373 1727 ll.
1448 1670 1659 1746 Hagg:
1713 1670 1811 1728 H:
1878 1674 1936 1729 9.
2021 1670 2274 1730 Sachar:
2332 1670 2513 1729 VIII:
2575 1674 2684 1729 12.

557 1773 789 1833 Psalm:
847 1768 1184 1832 XXXVII:
1243 1774 1362 1845 37,
1422 1778 1481 1828 et
1523 1772 1681 1830 alibi.
1766 1771 1921 1847 Quia
1957 1773 2083 1832 Pax
2137 1773 2431 1849 significat
2466 1772 2680 1830 Domi—

556 1892 698 1932 num
737 1881 796 1932 et
849 1872 1128 1946 CoeImn,
1187 1878 1246 1931 et
1294 1889 1532 1948 quoque
1577 1871 1856 1931 Coeleste
1897 1873 2208 1949 gaudium,
2267 1879 2326 1932 et
2351 1873 2684 1950 jucundum

558 1975 727 2050 boni,
782 1975 918 2034 ideo
962 1973 1357 2032 salutationes
1413 1975 1672 2048 antiquis
1714 1974 2081 2049 temporibus
2123 1974 2392 2047 suerunt,
2453 1980 2512 2032 et
2545 1974 2684 2033 inde

562 2094 799 2152 quoque
853 2074 1031 2133 hodie
1080 2081 1250 2143 sunt,
1301 2072 1458 2132 Pan:
1509 2074 1867 2145 vobiscum,·
1944 2074 2104 2151 quod
2166 2078 2345 2133 etiam
2391 2075 2685 2134 Dominus

560 2176 929 2235 confirmavit
976 2174 1224 2232 dicendo
1276 2173 1352 2231 ad
1400 2174 1727 2250 discipulos
1780 2192 1930 2251 quos
1978 2177 2190 2249 emisit,
2250 2174 2518 2250 „Quam
2564 2173 2680 2234 do-

556 2294 733 2337 mum
780 2273 1211 2342 iutra-veritis,
1264 2273 1556 2352 primum
1609 2273 1802 2335 dicite
1855 2276 1987 2335 PAx
2024 2275 2247 2335 domui
2280 2275 2456 2348 huicg
2520 2283 2579 2336 et
2621 2275 2687 2335 si

544 2376 761 2457 fuerit
805 2374 895 2434 ibi
925 2370 1118 2455 filius
1164 2374 1381 2448 PAms,
1436 2374 1775 2452 requiescet
1814 2395 2003 2454 super
2049 2374 2165 2435 illo
2216 2378 2347 2436 PAX
2400 2377 2679 2451 vestra,“

553 2478 708 2537 Luc:
748 2477 840 2536 X:
887 2478 945 2535 5.
993 2478 1063 2552 63
1123 2482 1181 2534 et
1217 2493 1452 2552 quoque
1484 2476 1626 2552 Ipse
1658 2477 1972 2549 DominuS,
2011 2495 2145 2537 cum
2184 2480 2463 2555 apparuit
2500 2478 2678 2554 Apo·
2757 2496 2760 2499 “

559 2580 760 2654 stolis,
817 2578 992 2653 dixit,
1040 2578 1170 2636 PAx
1209 2578 1557 2652 vobiscum,
1612 2579 1765 2638 doh:
1805 2579 1960 2638 XX:
2010 2582 2116 2638 19.
2155 2584 2262 2637 21.
2310 2584 2419 2639 26.
2478 2579 2685 2639 Status

553 2683 725 2757 pacis
774 2682 952 2739 etiam
1003 2679 1353 2755 intelligitur
1404 2683 1462 2737 in
1511 2680 1715 2738 Verbo
1772 2699 1882 2757 per
1936 2680 2097 2757 quod
2142 2678 2436 2741 Jehovah*
2471 2680 2686 2741 dicitur

556 2779 865 2841 odoratus
917 2778 1169 2838 odorem
1223 2780 1486 2857 quietis,
1563 2789 1630 2837 ut
1682 2781 1878 2840 Exod:
1936 2780 2183 2840 XXIX:
2243 2785 2351 2841 18.
2404 2783 2514 2841 25.
2572 2784 2686 2839 41.

558 2881 765 2940 Levit:
813 2879 873 2938 I:
928 2882 985 2937 9.
1024 2881 1276 2964 13417.
1336 2880 1624 2956 Cap211:
1672 2886 1727 2940 2.
1763 2885 1821 2940 9.
1881 2881 2039 2957 Cap:
2085 2881 2201 2941 VI:
2246 2885 2306 2941 8.
2347 2885 2456 2940 14.
2515 2881 2678 2958 Cap:

553 2980 805 3042 XXIII:
854 2982 961 3036 12.
1012 2981 1118 3036 13.
1167 2982 1270 3037 18.
1346 2980 1540 3039 Num:
1581 2982 1733 3040 XV:
1780 2984 1836 3040 3.
1887 2989 1943 3041 7.
2000 2985 2105 3042 13.
2165 2983 2324 3059 Cap:
2362 2981 2681 3043 XXVIII:

565 3084 625 3139 6.
667 3084 729 3139 8.
777 3081 886 3138 13.
941 3078 1102 3155 Cap:
1144 3079 1394 3138 XXIX:
1441 3085 1501 3139 2.
1542 3085 1601 3139 6.
1648 3085 1704 3140 8.
1746 3085 1854 3142 13.
1890 3087 2000 3156 36,
2041 3102 2150 3159 per
2177 3083 2440 3145 Odorem
2467 3086 2687 3159 quietis

557 3184 621 3241 in
669 3197 851 3238 sensu
907 3179 1156 3237 coelesti
1208 3180 1575 3255 significatur
1620 3186 1932 3259 perceptio
1986 3187 2155 3260 pacis
2207 3180 2315 3267 (p).
2388 3184 2687 3260 Quoniam

551 3283 681 3341 Pax
729 3281 1025 3357 significat
1074 3281 1353 3339 unionem
1406 3282 1608 3358 Ipsius
1657 3284 1860 3342 Divini
1918 3302 1987 3342 ac
2046 3286 2250 3344 Divini
2302 3286 2567 3345 Humani
2620 3287 2684 3344 in

554 3384 841 3458 Domino,
899 3399 970 3441 ac
1006 3380 1487 3458 conjunctionem
1523 3384 1764 3442 Domini
1801 3402 1935 3443 cum
1974 3385 2156 3446 Coelo
2197 3394 2420 3445 etcum
2461 3385 2679 3446 Eccle-

557 3487 676 3561 sia,
716 3501 786 3543 ac
818 3501 951 3543 cum
989 3482 1258 3542 omnibus
1290 3485 1349 3540 in
1388 3483 1600 3559 Coe10,
1661 3491 1720 3544 et
1763 3503 1999 3562 quoque
2036 3487 2097 3545 in
2132 3487 2408 3547 Ecclesia
2444 3488 2545 3563 qui
2579 3504 2683 3564 re-

560 3570 787 3661 cipiunt
816 3584 1057 3662 Ipsum,
1110 3583 1243 3643 ideo
1283 3587 1343 3643 in
1392 3586 1866 3646 recordationem
1909 3604 2116 3647 eorum
2169 3587 2543 3647 Sabbathum
2585 3589 2679 3646 in-

563 3685 834 3743 stitutum
887 3693 1010 3760 est,
1070 3703 1140 3745 ac
1189 3688 1555 3745 nominatum
1591 3704 1628 3744 a
1670 3686 1886 3762 Quiete
1924 3705 2036 3748 seu
2074 3689 2264 3764 Pace,
2322 3705 2391 3747 ac
2426 3691 2686 3748 sanctis-

712 3928 804 3997 (p)
849 3926 1014 3991 Quod
1055 3927 1205 3981 odor
1252 3930 1311 3982 in
1353 3931 1556 3985 Verbo
1611 3931 1896 4004 significet
1945 3930 2350 4004 perceptivum
2403 3930 2551 4003 grati
2592 3931 2686 3983 vel

561 4003 773 4074 ingrati
816 4003 1129 4055 secundum
1158 4006 1327 4076 quale
1369 4008 1585 4059 amoris
1620 4019 1677 4060 et
1708 4007 1842 4061 fidei
1874 4008 1945 4060 de
1974 4026 2090 4079 quo
2119 4008 2353 4072 dieitur,
2396 4024 2465 4059 n:
2511 4014 2682 4066 3577.

560 4086 729 4138 4626·
762 4085 940 4138 4628.
977 4085 1146 4138 4748.
1182 4088 1351 4140 5621.
1398 4089 1605 4141 10292.
1665 4081 1827 4147 Quod
1872 4083 2022 4136 odor
2063 4084 2296 4157 quietiS‚
2342 4082 2442 4135 ubi
2486 4081 2557 4135 de
2595 4083 2684 4135 Je-

558 4155 770 4216 hovah‚
817 4154 890 4207 sit
930 4155 1331 4224 perceptivum
1372 4158 1551 4227 pade,
1596 4176 1663 4210 n:
1709 4167 1836 4219 925.
1883 4167 2087 4221 10054.
2171 4143 2341 4237 Quod
2386 4158 2518 4211 ideo
2559 4159 2682 4211 thu-

558 4248 644 4294 ra,
689 4230 1033 4293 suffimenta,
1079 4230 1290 4285 odores
1334 4232 1393 4284 in
1434 4233 1582 4287 oleis
1611 4245 1681 4287 ‚et
1719 4237 2060 4308 unguentis,
2104 4235 2253 4291 facta
2296 4236 2410 4289 sint
2450 4250 2681 4304 reprae-

561 4306 859 4373 sentativa,
906 4325 970 4359 n:
1019 4314 1148 4368 925.
1190 4315 1359 4370 4748.
1406 4316 1573 4371 5621.
1622 4318 1824 4374 10177.
