3013 5114
347 417 474 495 QUI
514 417 584 472 IN
626 417 994 484 INFERNIS‚
1060 420 1247 475 SUNT
1287 421 1362 475 IN
1402 398 1762 480 MALISET
1801 424 1973 481 INDE
2017 427 2274 505 FALSIS.
2367 436 2476 492 351

505 580 665 637 562.
720 577 886 638 Mala
923 596 1078 656 quae
1112 580 1233 643 illis
1268 589 1411 642 sunt
1447 587 1550 660 qui
1583 587 1644 663 in
1680 602 1882 645 amore
1918 588 2044 656 sui,
2098 594 2237 645 sunt
2272 588 2334 646 in
2360 606 2470 666 ge-

340 698 514 755 nere,
573 679 925 764 contemtus
974 680 1256 758 aliorum,
1313 683 1578 757 Invidia,
1640 685 1961 746 Inimicitia
2010 693 2217 746 contra
2254 675 2471 748 ⁴omnes

341 784 446 859 qui
483 780 599 843 sibi
637 799 755 840 non
795 782 1032 857 favent,
1084 782 1383 843 hostilitas
1420 785 1588 861 inde,
1642 787 1780 846 odia
1821 789 1971 846 varii
2003 790 2278 864 generiS,
2331 791 2470 848 vin-

338 885 572 957 dictae,
617 889 817 958 astus,
875 883 1024 957 doli,
1074 885 1597 958 immisericordia,
1649 905 1720 948 ac
1756 888 2117 960 crudelitas3
2175 894 2235 949 et
2270 890 2472 966 quoad

335 985 657 1062 religiosa,
699 990 792 1043 est
833 1002 950 1045 non
988 985 1165 1045 modo
1203 993 1540 1046 contemtus
1567 986 1799 1059 Divini‚
1840 1007 1910 1048 ac
1938 990 2286 1049 Divinorum
2313 1009 2469 1068 quae

336 1091 482 1147 sunt
514 1101 661 1143 vera
707 1092 767 1144 et
804 1085 964 1148 bona
997 1086 1342 1163 Ecclesiae,
1384 1087 1498 1147 sed
1535 1092 1712 1149 etiam
1748 1091 1840 1148 ira
1882 1088 2089 1151 contra
2113 1072 2257 1164 illa,
2314 1108 2469 1168 quae

337 1203 578 1265 quoque
608 1188 862 1245 vertitur
896 1188 958 1245 in
1002 1186 1201 1246 odium
1238 1205 1373 1252 cum
1410 1189 1587 1249 homo
1624 1191 1690 1250 fit
1728 1194 2012 1267 spiritus,
2070 1209 2140 1251 ac
2176 1198 2320 1252 tunc
2349 1211 2469 1252 non

334 1287 512 1348 modo
548 1303 668 1346 non
704 1289 962 1346 sustinet
1007 1287 1214 1349 audire
1254 1290 1386 1363 illa,
1445 1291 1557 1351 sed
1606 1293 1783 1351 etiam
1826 1293 2042 1370 flagrat
2079 1293 2214 1353 odio
2250 1299 2460 1353 contra

334 1404 542 1448 omnes
578 1389 682 1464 qui
724 1388 1007 1447 Divinum
1043 1397 1376 1466 agnoscunt
1413 1398 1473 1450 et
1509 1392 1728 1453 colunt.
1797 1394 2112 1471 Loquutus
2152 1380 2284 1452 sum
2317 1411 2457 1454 cum

336 1490 624 1567 quodam,
678 1491 780 1567 qui
811 1489 874 1547 in
908 1490 1126 1550 mundo
1167 1497 1384 1567 potens
1427 1492 1657 1567 fuerat,
1717 1501 1778 1555 et
1813 1502 2006 1554 semet
2048 1497 2109 1552 in
2154 1497 2460 1572 superiori

335 1590 527 1668 gradu
563 1588 902 1663 amaverat,
950 1592 1002 1650 is
1031 1591 1226 1650 solum
1263 1609 1397 1652 cum
1436 1594 1666 1653 audivit
1700 1598 1992 1656 nominari
2025 1595 2309 1655 Divinum
2328 1640 2345 1672 ‚
2389 1613 2461 1655 ac

332 1692 623 1769 imprimis
665 1708 800 1750 cum
848 1691 1079 1751 audivit
1113 1695 1408 1752 nominari
1442 1695 1794 1767 Dominum,
1840 1702 2007 1756 tanto
2056 1699 2325 1774 percitus
2372 1703 2466 1757 est

334 1792 472 1853 odio
510 1809 584 1852 ex
627 1795 750 1865 ira,
793 1797 860 1850 ut
892 1793 1177 1869 flagraret
1215 1811 1427 1854 necem
1467 1796 1598 1873 ejus
1611 1816 1628 1872 3
1683 1799 1734 1856 is
1770 1813 2044 1873 quoque,
2082 1814 2215 1855 cum
2252 1799 2460 1856 remit-

330 1894 617 1954 tebantur
649 1894 860 1952 fraena
896 1893 1027 1970 ejus
1065 1896 1286 1968 amori,
1343 1897 1574 1972 cupivit
1604 1899 1739 1974 ipse
1780 1896 2060 1956 diabolus
2098 1913 2253 1972 esse,
2290 1902 2360 1955 ut
2392 1915 2465 1957 ex

333 2011 538 2054 amore
582 1996 679 2053 sui
713 1997 990 2053 continue
1035 2000 1245 2071 posset
1294 1996 1581 2057 infestare
1628 1998 1899 2057 coelum:
1927 1996 2070 2075 ,hoc
2113 1999 2307 2055 ‹etiam
2341 2014 2459 2056 cu-

331 2098 503 2172 piunt
550 2094 790 2172 plume,
844 2098 945 2171 qui
997 2112 1070 2154 ex
1122 2096 1433 2156 Pontificia
1471 2097 1761 2176 religione
1804 2104 1977 2174 sunt,
2036 2100 2319 2174 quum'in
2364 2097 2457 2156 al·-

329 2203 464 2256 tera
506 2199 632 2255 vita
674 2199 1122 2275 appercipiunt‚
1179 2199 1338 2274 quod
1381 2199 1642 2260 Domino
1679 2203 1867 2260 omnis
1902 2207 2180 2276 potestas
2216 2201 2328 2275 sit,
2389 2216 2461 2258 ac

329 2297 497 2358 nulla
522 2297 663 2361 illis:

492 2399 654 2458 5-63.
694 2397 1089 2474 Apparebant
1124 2399 1308 2475 aliqui
1343 2403 1593 2476 spiritus
1629 2403 1775 2461 mihi
1799 2405 1861 2461 in
1889 2399 2245 2461 occidentali
2271 2399 2455 2476 plaga

330 2513 546 2557 versus
582 2497 1062 2569 meridionalem,
1117 2502 1219 2575 qui
1246 2499 1525 2559 dicebant
1552 2517 1618 2561 se
1645 2504 1706 2560 in
1741 2519 1958 2577 magna
1986 2500 2276 2577 dignitate
2308 2516 2455 2557 con-

330 2602 571 2659 stitutos
611 2597 801 2657 fuisse
845 2599 907 2655 in
958 2599 1212 2670 mundo,
1281 2606 1341 2658 et
1386 2601 1548 2676 quod
1583 2608 1956 2661 mererentur
1989 2600 2283 2676 praeferri
2319 2599 2453 2658 aliis
2558 2662 2562 2666 ,

327 2717 401 2761 ac
438 2699 556 2758 illis
592 2700 918 2774 imperare3
970 2699 1056 2757 illi
1087 2700 1381 2777 explorati
1410 2701 1485 2759 ab
1518 2702 1749 2780 angelis
1794 2700 2005 2778 quales
2035 2703 2196 2759 intus
2236 2705 2452 2774 essent,

328 2808 391 2862 et
427 2802 720 2877 comperti
765 2798 926 2876 quod
960 2802 1020 2858 in
1057 2802 1274 2859 muniis
1323 2803 1450 2860 suis
1502 2805 1565 2861 in
1617 2802 1836 2861 mundo
1886 2819 2004 2861 non
2047 2802 2458 2877 spectaverint

326 2903 405 2962 ad
449 2918 633 2976 usus,
679 2900 788 2959 sed
828 2899 907 2959 ad
943 2907 1172 2973 semet,
1227 2909 1290 2961 et
1327 2904 1415 2962 sic
1455 2903 1619 2979 quod
1653 2920 1722 2962 se
1766 2903 1977 2963 usibus
2023 2900 2450 2978 praetulerint3

323 3020 536 3064 verum
597 3003 738 3079 quia
792 3001 1135 3061 ambiebant
1190 3008 1251 3062 et
1288 3006 1559 3080 impense
1601 3003 1951 3081 flagitabant
1994 3001 2242 3080 praefici
2296 3000 2451 3071 aliie,

325 3107 507 3165 etiam
569 3103 773 3174 datum
829 3110 923 3161 est
979 3105 1272 3163 interesse
1322 3103 1477 3178 illis,
1537 3108 1639 3181 qui
1686 3104 2106 3164 consultabant
2158 3102 2231 3163 de
2266 3102 2449 3162 rebus

322 3206 607 3283 dignioris
661 3205 908 3281 negotii,
968 3203 1079 3263 sed
1135 3211 1488 3282 perceptum
1546 3212 1665 3280 est,
1727 3205 1888 3281 quod
1943 3204 2089 3264 nihil
2125 3203 2202 3262 ad
2255 3220 2446 3280 nego-

322 3309 437 3381 tia,
480 3306 555 3366 de
585 3305 799 3382 quibus
837 3304 1160 3382 agebatur,
1201 3313 1450 3382 possent
1487 3308 1816 3375 attendere,
1854 3313 1914 3366 ct
1948 3322 2066 3363 non
2107 3304 2311 3361 videre
2350 3318 2448 3362 res

320 3408 483 3466 intus
519 3409 581 3466 in
617 3422 712 3480 se,
772 3412 832 3464 et
868 3405 1031 3481 quod
1063 3404 1298 3481 loquuti
1331 3409 1450 3465 sint
1483 3404 1602 3465 non
1631 3425 1708 3465 ex
1734 3423 1853 3465 usu
1890 3407 2010 3479 rei,
2049 3403 2156 3462 sed
2194 3420 2269 3461 ex
2303 3420 2450 3479 pro·-

321 3510 484 3584 pri0‚
529 3515 591 3567 et
626 3523 865 3583 quoque
909 3506 1072 3583 quod
1110 3507 1337 3566 vellent
1375 3524 1556 3583 agere
1600 3525 1674 3566 ex
1700 3506 2078 3583 beneplacito
2116 3502 2449 3563 secundum

320 3608 619 3680 favorem,
669 3614 1037 3683 quapropter
1074 3623 1149 3666 ex
1194 3608 1497 3666 functione
1539 3607 1645 3665 illa
1685 3608 1887 3665 emissi
1924 3597 2126 3675 sunt}
2149 3621 2219 3663 ac
2252 3602 2451 3663 relicti

320 3714 389 3767 ut
425 3708 567 3767 alibi
614 3709 728 3767 sibi
772 3709 974 3765 munia
1023 3715 1382 3784 quaererent
1395 3728 1411 3784 3
1467 3707 1803 3783 pergebant
1848 3708 2054 3783 itaque
2093 3705 2344 3764 ulterius
2381 3706 2445 3763 in

318 3810 561 3888 plagam
590 3808 1054 3888 occidentalem,
1119 3808 1221 3867 ubi
1258 3808 1352 3867 hic
1391 3815 1453 3868 et
1485 3808 1570 3868 ibi
1603 3810 1833 3884 recepti
1868 3813 2043 3877 sunt,
2094 3806 2204 3866 sed
2250 3806 2444 3866 ubivis

318 4112 436 4168 quo
491 4112 662 4149 sensu
713 4115 820 4169 per
869 4098 1116 4151 adorare
1173 4097 1352 4150 solem
1420 4096 1780 4169 significatur
1834 4095 2083 4149 adorare
2141 4095 2236 4148 illa
2293 4110 2441 4166 quae

320 4172 611 4225 contraria
666 4184 796 4227 sunt
850 4175 1037 4227 amori
1092 4174 1366 4238 coelesti,
1432 4184 1489 4227 et
1534 4174 1816 4236 Domin0‚
1876 4190 1944 4224 n:
2001 4179 2171 4231 2441.
2232 4176 2442 4232 10584.

315 4248 675 4303 Incalcsccns
737 4250 824 4303 sol
885 4250 1043 4323 quod
1109 4251 1181 4303 sit
1253 4267 1535 4319 crescens,
1589 4247 2061 4319 concupiscentia
2129 4245 2295 4309 mali,
2369 4260 2441 4295 nt

317 4331 484 4386 8487·
