3013 5114
796 369 1100 426 DIVINUM
1141 371 1399 425 DOMINI
1440 370 1654 426 FACIT
1693 371 1998 426 COELUM.
2415 384 2445 433 7

337 537 430 589 est
467 530 628 607 quod
669 528 919 590 Coelum
962 533 1022 590 in
1068 530 1271 591 Verbo
1310 531 1543 591 dicatur
1591 531 2015 591 Habitaculum
2051 532 2320 606 Domini,
2378 550 2447 592 ac

338 630 618 691 Thronus
685 630 919 708 Ipsius3
1003 639 1062 691 et
1115 632 1275 708 quod
1318 631 1404 690 illi
1466 634 1566 708 qui
1618 632 1702 690 ibi
1754 631 2027 690 dicantur
2080 634 2139 690 in
2190 632 2447 703 Domino

338 748 473 790 esse
518 727 616 812 (r).
708 731 1021 808 Quomodo
1074 740 1275 792 autem
1310 733 1596 791 Divinum
1642 734 1914 809 procedit
1961 750 1998 790 a
2033 733 2288 791 Domino
2303 778 2320 808 ,
2377 750 2446 791 ac

333 831 543 908 implet
579 832 811 891 coelum
849 835 907 890 in
945 834 1336 910 sequentibus
1375 833 1623 892 dicetur.

545 937 604 992 9.
654 934 874 1010 Angeli
910 952 983 993 ex
1020 937 1319 1010 sapientia
1366 951 1479 992 sua
1519 934 1713 993 adhuc
1761 934 2020 1009 ulterius
2050 935 2448 1012 progrediun-

333 1040 446 1108 tur,
484 1033 691 1092 diount
725 1052 842 1092 non
877 1035 1053 1095 modo
1091 1034 1250 1110 quod
1292 1052 1464 1093 omne
1501 1034 1720 1093 bonum
1759 1042 1820 1093 et
1844 1052 2053 1094 verum
2089 1038 2209 1093 sint
2245 1053 2281 1094 a
2313 1035 2445 1093 Do-

332 1136 522 1207 mino,
579 1134 691 1193 sed
730 1136 908 1193 etiam
961 1154 1134 1194 omne
1183 1137 1345 1194 vitae
1361 1156 1376 1211 ;
1433 1135 1783 1193 confirmant
1827 1135 1889 1192 id
1932 1152 2044 1211 per
2089 1136 2237 1208 hoo,
2289 1136 2449 1212 quod

332 1234 476 1293 nihil
516 1236 776 1294 existere
828 1238 1024 1312 possit
1060 1253 1097 1293 a
1134 1252 1232 1305 se,
1284 1236 1394 1294 sed
1441 1253 1478 1293 a
1525 1237 1711 1312 priori
1765 1251 1862 1307 se,
1918 1237 2006 1293 ita
2055 1236 2216 1311 quod
2251 1237 2447 1295 omnia

333 1336 594 1393 existant
631 1353 667 1393 a
705 1336 937 1408 Primo,
978 1336 1138 1413 quod
1172 1343 1389 1395 vocant
1421 1336 1630 1413 Ipsum
1667 1336 1822 1396 Esse
1859 1337 2019 1394 vitae
2057 1337 2345 1408 omnium,
2387 1340 2447 1394 et

333 1435 491 1510 quod
546 1435 819 1494 similiter
864 1437 1223 1512 subsistant,
1289 1439 1569 1513 quoniam
1616 1436 1948 1496 subsistere
2004 1443 2096 1494 est
2146 1442 2444 1513 perpetuo

333 1538 623 1610 existere,
683 1543 742 1594 et
778 1537 934 1612 quod
976 1555 1093 1596 non
1133 1540 1192 1594 in
1228 1555 1386 1594 nexu
1426 1540 1703 1596 continue
1741 1544 1977 1596 tenetur
2010 1554 2122 1612 per
2156 1539 2442 1596 interme-

330 1635 430 1694 dia
479 1652 613 1694 cum
668 1636 901 1711 Prim0,
969 1638 1083 1697 hoc
1136 1637 1296 1697 illico
1349 1637 1634 1697 dilabitur
1687 1645 1747 1697 et
1794 1653 2041 1714 prorsus
2086 1637 2440 1712 dissipatur:

334 1735 501 1813 ajunt
536 1738 810 1812 insuper,
851 1738 1011 1812 quod
1045 1738 1219 1796 modo
1258 1741 1473 1798 unicus
1509 1740 1668 1797 vitae
1705 1738 1836 1798 fons
1877 1739 1982 1812 sit,
2030 1745 2092 1796 et
2128 1737 2289 1813 quod
2323 1739 2446 1795 vita

331 1835 582 1894 hominis
626 1839 704 1894 sit
738 1838 903 1895 rivus
942 1838 1114 1912 inde,
1173 1840 1275 1914 qui
1316 1841 1369 1897 si
1408 1856 1524 1896 non
1560 1856 1597 1896 a
1635 1838 1795 1897 fonte
1832 1855 1942 1897 suo
1987 1839 2265 1897 continue
2292 1836 2439 1896 sub-

331 1937 513 2012 sistit,
573 1936 731 2014 quod
774 1937 935 1997 illico
975 1938 1221 1996 diffluat.
1310 1939 1496 1996 Porro
1551 1936 1711 2012 quod
1752 1938 1826 1995 ab
1871 1937 2061 1997 Unico
2096 1939 2200 1995 illo
2253 1940 2441 1996 Fonte

329 2039 519 2113 vitae,
578 2040 680 2115 qui
734 2045 827 2096 est
871 2040 1198 2110 Dominus,
1256 2056 1372 2097 non
1428 2037 1720 2114 procedat
1767 2039 1885 2096 nisi·
1936 2052 2115 2113 quam
2160 2037 2444 2096 Divinum

325 2137 558 2195 Bonum
591 2155 661 2198 ac
688 2138 976 2197 Divinum
1003 2138 1262 2215 Verum,
1304 2146 1373 2198 et
1391 2138 1549 2215 quod
1576 2138 1727 2198 haec
1756 2138 2019 2197 afficiant
2043 2154 2443 2216 unumquem-

327 2239 417 2299 vis
481 2239 812 2298 seeundum
859 2241 1262 2317 receptionem
1278 2259 1295 2315 3
1366 2242 1466 2316 qui
1519 2241 1814 2315 recipiunt
1856 2240 1961 2298 illa
2006 2238 2124 2297 fide
2178 2245 2238 2299 et
2295 2240 2439 2312 vita,

329 2339 490 2413 quod
526 2340 586 2396 in
622 2339 741 2398 illis
779 2341 1012 2400 coelum
1050 2343 1158 2416 sit3
1214 2339 1324 2399 sed
1361 2343 1461 2416 qui
1499 2341 1778 2417 rejiciunt
1821 2339 1956 2415 illa,
2012 2340 2112 2399 vel
2147 2339 2442 2399 suffocant

324 2437 454 2514 illa,
501 2439 661 2514 quod
711 2447 948 2500 vertant
987 2440 1091 2499 illa
1137 2444 1198 2498 in
1249 2441 1580 2511 infernum,
1633 2439 1857 2499 bonum
1907 2442 2062 2499 enim
2100 2445 2343 2498 vertunt
2381 2441 2440 2497 in

326 2540 578 2615 malum,
638 2548 699 2600 et
752 2559 959 2600 verum
1011 2543 1070 2600 in
1121 2541 1369 2614 falsum,
1426 2543 1513 2599 ita
1560 2543 1742 2598 vitam
1792 2542 1852 2598 in
1904 2545 2172 2600 mortem.
2264 2539 2442 2615 Quod

327 2659 500 2700 omne
550 2644 709 2699 vitae
760 2661 797 2700 a
844 2644 1102 2701 Domino
1157 2645 1260 2715 sit,
1321 2644 1499 2699 etiam
1556 2639 1904 2697 confirmant
1954 2657 2066 2717 per
2126 2640 2217 2715 id,
2283 2641 2443 2715 quod

325 2743 526 2799 omnia
559 2743 617 2799 in
643 2745 922 2802 universo
953 2760 1019 2800 se
1056 2743 1319 2800 reserant
1347 2741 1423 2799 ad
1458 2740 1680 2799 bonum
1719 2747 1779 2799 et
1813 2757 2038 2816 verum,
2070 2742 2194 2799 vita
2218 2739 2435 2799 volun-

326 2843 467 2899 tatis
506 2842 757 2902 hominis
799 2861 953 2919 quae
992 2850 1084 2900 est
1111 2844 1233 2901 vita
1262 2843 1478 2900 amoris
1511 2842 1641 2917 ejus
1680 2840 1756 2899 ad
1791 2840 2038 2917 bonum,
2095 2851 2156 2900 et
2187 2844 2313 2899 vita
2347 2843 2441 2900 ih-

327 2940 605 3001 tellectus
657 2944 912 3002 hominis
963 2959 1118 3019 quae
1168 2950 1264 3001 est
1311 2944 1435 3000 vita
1476 2941 1619 3000 fidei
1661 2941 1792 3018 ejus
1836 2942 1913 3001 ad
1961 2959 2205 3013 verum,
2255 2959 2441 3018 quare

323 3059 458 3100 cum
508 3061 682 3102 omne
736 3045 953 3102 bonum
1003 3049 1064 3101 et
1112 3061 1319 3103 verum
1380 3043 1646 3119 desuper
1702 3043 1865 3102 venit
1881 3088 1898 3118 ,
1955 3046 2226 3119 sequitur
2279 3043 2440 3120 quod

327 3144 502 3201 etiam
558 3162 731 3203 omne
783 3147 965 3203 vitae.
1047 3144 1208 3220 Quia
1248 3136 1466 3220 Angeli
1508 3145 1593 3201 ita
1652 3142 1927 3218 eredunt,
1996 3143 2128 3202 ideo
2181 3151 2441 3202 renuunt

325 3261 556 3302 omnem
603 3247 933 3320 gratiarum
975 3246 1265 3303 actionem
1306 3251 1554 3321 propter
1598 3242 1818 3301 bonum
1862 3243 2021 3321 quod
2059 3245 2311 3316 faciunt,
2369 3260 2440 3300 ao

322 3343 704 3420 indignantur
751 3352 815 3404 et
849 3344 1179 3419 recedunt,
1237 3347 1289 3402 si
1325 3346 1458 3421 quis
1501 3344 1722 3402 bonum
1760 3343 1879 3402 illis
1921 3344 2158 3402 tribuit:
2215 3345 2436 3401 miran-

323 3601 530 3653 10157.
613 3595 784 3672 Quod
825 3594 959 3647 ideo
1002 3595 1062 3646 in
1108 3594 1307 3648 Verbo
1363 3610 1470 3666 per
1524 3593 1778 3664 Angelos
1821 3592 2179 3663 intelligatur
2217 3591 2440 3663 aliquid

322 3668 589 3731 Domini,
653 3687 720 3723 n:
782 3678 949 3730 1925.
995 3677 1164 3730 2821.
1212 3677 1380 3730 3039.
1427 3676 1596 3729 4085.
1654 3676 1824 3728 8192.
1872 3675 2078 3728 10528.
2170 3667 2242 3721 Et
2282 3668 2442 3741 quod

323 3743 454 3797 ideo
512 3744 700 3816 angeli
750 3745 1016 3808 dicantur
1068 3745 1149 3797 dii
1204 3763 1236 3798 a
1289 3744 1630 3814 receptione
1686 3743 1883 3795 Divini
1939 3761 1968 3795 a
2022 3742 2307 3807 Domino,
2370 3762 2438 3794 n:

324 3828 491 3880 4295·
537 3828 708 3881 4402.
761 3830 929 3881 7268.
976 3829 1142 3881 7873.
1188 3828 1354 3880 8301.
1403 3827 1570 3879 8192.
1652 3819 1821 3895 Quod
1877 3821 2048 3872 etiam
2103 3838 2133 3871 a
2189 3819 2440 3872 Domino

322 3898 399 3949 sit
444 3914 617 3949 omne
668 3897 886 3950 bonum
928 3897 1085 3969 quod
1126 3897 1386 3960 bonum,
1449 3914 1515 3948 ac
1559 3913 1729 3949 omne
1773 3915 1973 3949 verum
2017 3894 2174 3969 quod
2215 3913 2440 3960 verum,

322 3971 573 4042 proinde
616 3973 805 4026 omnis
850 3974 994 4038 Pax,
1040 3977 1253 4037 Amor,
1299 3973 1563 4026 Charitas
1597 3982 1653 4025 et
1689 3971 1892 4036 Fides,
1947 3991 2014 4024 n:
2062 3980 2228 4032 1614.
2273 3979 2440 4031 2016.

324 4055 493 4107 2751.
540 4055 708 4108 2882·
756 4056 923 4108 2883.
976 4057 1142 4109 2891·
1188 4057 1358 4108 2892.
1404 4056 1575 4109 2904.
1672 4051 1739 4101 Et
1794 4048 1945 4120 quod
1992 4049 2177 4100 omnis
2221 4047 2440 4119 sapion-

323 4123 401 4175 tia
435 4134 494 4177 et
542 4125 945 4194 inteliigentia‚
991 4143 1057 4177 n:
1105 4133 1232 4184 109.
1280 4133 1410 4185 112.
1454 4132 1585 4184 121.
1632 4132 1760 4184 124.

477 4202 561 4265 (r)
615 4201 786 4274 Quod
830 4197 927 4273 qui
974 4204 1031 4254 in
1074 4202 1257 4255 Coelo
1301 4211 1431 4254 sunt
1471 4201 1740 4254 dicantur
1781 4218 1903 4255 esse
1947 4201 2004 4252 in
2047 4199 2325 4260 Domino,
2371 4216 2443 4249 n:

325 4284 493 4336 3637.
532 4285 696 4337 3638·
