3013 5114
672 425 769 478 DE
813 425 1085 480 GAUDIO
1130 426 1223 479 ET
1265 427 1693 484 FELICITATE
1738 427 2103 487 COELEsTI.
2361 440 2466 491 237

337 590 399 646 iu
436 584 875 645 amoribussui
923 593 983 646 et
1017 588 1224 648 mundi
1252 605 1387 647 cum
1424 591 1906 666 appropinquant
1944 589 2019 647 ad
2055 588 2318 666 aliquam
2357 607 2464 650 so-

342 689 622 748 cietatem
688 687 1049 763 coelestem,
1123 691 1200 748 sit
1245 690 1576 766 jucundum
1634 692 2156 767 concupiscentiae
2208 690 2466 766 illorum,

336 792 422 847 ita
463 805 702 864 quoque
754 805 1005 864 prorsus
1069 792 1408 867 oppositum
1443 830 1452 837 -
1460 792 1727 869 jucundo
1776 791 1956 867 coeli3
2037 795 2098 849 in
2136 791 2467 868 jucundum

339 890 867 965 concupiscentiae
919 907 1066 949 suae
1118 895 1363 951 veniunt
1417 910 1491 951 ex
1556 893 1963 969 deprivatione
2029 898 2088 951 et
2138 894 2466 952 remotione

332 989 586 1070 jucundi
623 990 900 1048 coelestis
946 991 1107 1067 apud
1140 993 1276 1051 illos
1317 995 1417 1068 qui
1452 995 1511 1051 in
1550 1011 1620 1052 eo
1659 1000 1827 1052 sunt:
1881 993 2055 1052 aliter
2089 992 2187 1067 fit,
2228 993 2463 1070 quando

339 1110 461 1152 non
515 1091 845 1166 deprivatio
895 1099 955 1151 et
1006 1096 1255 1152 remotio
1309 1101 1433 1163 est,
1488 1101 1628 1152 tunc
1678 1112 1795 1153 non
1842 1099 2102 1170 possunt
2137 1096 2464 1170 appropin-

344 1210 562 1271 quare,
617 1193 757 1268 quia
793 1201 1079 1268 quantum
1116 1201 1257 1252 tunc
1296 1198 1814 1272 appropinquant,
1855 1201 2086 1253 tantum
2116 1195 2174 1251 in
2213 1211 2468 1272 angores

341 1300 403 1354 et
442 1292 679 1352 dolores
733 1296 976 1354 veniunt
993 1315 1009 1369 5
1064 1296 1202 1354 inde
1254 1304 1373 1370 est,
1432 1295 1593 1372 quod
1626 1314 1764 1355 raro
1814 1298 2014 1355 ausint
2056 1312 2246 1373 prope
2285 1312 2463 1354 acce-

341 1397 483 1454 dere
496 1415 512 1470 3
550 1393 665 1451 hoc
704 1411 943 1471 quoque
979 1413 1091 1472 per
1126 1396 1335 1472 plures
1367 1399 1773 1474 experientias
1807 1396 2010 1455 datum
2048 1402 2141 1456 est
2178 1397 2349 1471 scire,
2392 1414 2468 1455 ex

341 1495 558 1574 quibus
596 1494 820 1570 aliquid
849 1497 1031 1554 etiam
1069 1497 1251 1556 velim
1285 1498 1575 1575 proferre.
1661 1496 1922 1575 Spiritus
1953 1499 2054 1572 qui
2083 1513 2116 1557 e
2151 1497 2370 1556 mundo
2406 1499 2467 1555 in

340 1597 593 1655 alteram
629 1597 812 1654 vitam
848 1599 1125 1669 veniunt,
1178 1598 1325 1656 nihil
1373 1601 1577 1675 potius
1633 1601 1881 1676 cupiunt
1929 1616 2107 1675 quam
2157 1600 2360 1656 venire
2408 1599 2470 1656 in

345 1689 628 1766 Coelum,
691 1714 886 1773 paene
935 1715 1138 1757 omnes
1175 1698 1237 1757 id
1283 1705 1603 1775 expetunt3
1658 1699 1975 1758 credentes
2019 1698 2181 1775 quod
2218 1697 2468 1758 Coelum

339 1790 581 1858 nonsit
615 1799 730 1856 nisi
777 1815 954 1874 quam
990 1801 1298 1857 intromitti
1334 1807 1395 1858 et
1430 1803 1649 1877 recipi3
1706 1807 2072 1877 quapropter
2119 1801 2298 1859 etiam
2329 1801 2470 1875 quia

340 1901 619 1980 cupiunt,
673 1900 752 1957 ad
797 1899 1059 1974 aliquam
1109 1902 1456 1960 societatem
1496 1901 1650 1959 coeli
1685 1901 1876 1977 ultimi
1912 1901 2214 1975 feruntur3
2271 1902 2373 1975 qui
2406 1902 2468 1959 in

342 2017 548 2059 amore
581 2002 676 2058 sui
712 2007 772 2059 et
808 2000 1009 2059 mundi
1046 2008 1212 2076 sunt,
1271 2018 1405 2059 cum
1449 2000 1528 2059 ad
1560 2003 1817 2078 primum
1863 2001 2048 2061 limen
2085 2000 2248 2059 illius
2302 1998 2471 2061 Coeli

339 2103 620 2174 veniunt,
676 2101 968 2177 incipiunt
996 2104 1131 2178 angi
1170 2119 1240 2161 ac
1277 2103 1525 2161 interius
1562 2104 1646 2160 ita
1675 2104 1954 2177 cruciari,
2014 2107 2079 2158 ut
2114 2103 2373 2159 sentiant
2407 2103 2468 2160 in

342 2220 409 2262 se
463 2204 665 2278 potius
721 2203 1016 2261 infernum
1072 2221 1248 2279 quam
1307 2203 1568 2277 coelum,
1630 2209 1998 2280 quapropter
2053 2201 2339 2279 dejiciunt
2397 2219 2464 2262 se

340 2305 708 2381 praecipites
756 2303 926 2376 inde,
1000 2321 1110 2363 nec
1160 2302 1476 2380 ‘quiescunt
1522 2305 1873 2381 priusquam
1909 2306 1968 2361 in
2024 2304 2267 2361 infernis
2306 2303 2471 2380 apud

342 2422 506 2464 suos,
590 2404 849 2481 Saepius
893 2406 1068 2464 etiam
1110 2405 1335 2464 sactum
1380 2412 1505 2474 est,
1577 2406 1734 2481 quod
1788 2404 1940 2463 tales
1993 2402 2466 2464 desideraverint

341 2523 523 2566 nosse
567 2506 709 2583 quid
744 2506 1031 2584 gaudium
1068 2506 1351 2582 coeleste,
1406 2512 1466 2565 et
1502 2523 1637 2566 cum
1674 2505 2029 2565 audiverunt
2072 2503 2230 2581 quod
2267 2506 2326 2562 in
2362 2506 2460 2580 iri-5

344 2608 661 2668 terioribus
702 2608 1071 2686 Angelorum
1119 2609 1226 2682 sit,
1285 2609 1644 2683 cupiverunt
1696 2608 2289 2666 communicationem
2328 2605 2460 2682 ejus

344 2725 587 2779 secum,
636 2727 819 2786 quare
861 2710 1041 2768 etiam
1078 2708 1299 2768 factum
1340 2713 1460 2784 est,
1501 2726 1638 2766 nam
1676 2706 1836 2784 quod
1870 2709 2134 2783 spiritus,
2175 2707 2276 2783 qui
2309 2722 2462 2764 non-

343 2812 486 2869 dum
529 2818 620 2870 est
656 2813 716 2869 in
752 2810 924 2870 coelo
968 2810 1068 2869 vel
1110 2812 1171 2867 in
1207 2810 1468 2884 inferno,
1531 2810 1725 2885 cupit,
1791 2809 1904 2868 hoc
1954 2809 2130 2867 etiam
2171 2809 2227 2866 ei
2272 2806 2464 2880 datur,

345 2913 400 2971 si
451 2912 760 2987 conducit3
830 2911 993 2969 facta
1046 2912 1606 2985 communicatione,
1676 2916 2005 2987 coeperunt
2057 2910 2339 2984 cruciari,
2404 2910 2467 2967 in

351 3018 582 3071 tantum
618 3020 684 3071 ut
719 3014 1022 3071 nescirent
1057 3030 1203 3089 prae
1241 3012 1445 3071 dolore
1487 3012 1782 3088 quomodo
1833 3011 2287 3087 comprimerent
2327 3027 2465 3070 cor-

343 3130 493 3191 pus3
541 3117 745 3174 ,visum
804 3120 928 3182 est,
995 3113 1155 3189 quod
1213 3112 1599 3171 detruderent
1646 3120 1829 3188 caput
1875 3129 2066 3188 usque
2123 3112 2199 3170 ad
2254 3111 2461 3188 pedes,

342 3232 531 3291 seque
569 3215 898 3292 dejicerent
932 3215 993 3272 in
1029 3220 1285 3288 terram,
1328 3229 1397 3272 ac
1432 3213 1516 3272 ibi
1553 3216 1850 3290 serpentis
1887 3213 2060 3272 modo
2099 3219 2460 3289 contorque·

340 3321 476 3376 rent
517 3333 583 3375 se
621 3318 682 3373 in
721 3316 930 3387 orbeS,
969 3320 1028 3373 et
1053 3314 1179 3372 hoc·
1204 3332 1276 3371 ex
1317 3316 1584 3373 interiori
1622 3316 1916 3389 cruciatu3
1973 3314 2152 3372 talem
2190 3312 2466 3372 effectum

347 3416 532 3477 edidit
557 3416 893 3495 jucundum
932 3416 1193 3474 coeleste
1240 3414 1401 3491 apud
1436 3415 1573 3474 illos
1612 3417 1714 3491 qui
1747 3417 1807 3472 in
1835 3413 2115 3491 jucundis
2153 3430 2227 3471 ex
2264 3429 2466 3471 amore

348 3520 444 3577 sui
472 3523 531 3576 et
556 3518 762 3575 mundi
800 3522 996 3591 erant3
1038 3532 1222 3575 causa
1259 3522 1378 3588 est,
1419 3518 1562 3591 quia
1585 3531 1831 3576 amores
1865 3513 1954 3573 illi
1987 3528 2235 3590 prorsus
2273 3530 2466 3589 oppo-

346 3620 448 3677 siti
493 3623 659 3689 sunt,
712 3623 772 3676 et
806 3633 940 3675 cum
982 3619 1324 3693 oppositum
1359 3618 1420 3674 iu
1460 3617 1805 3692 oppositum
1849 3615 2000 3691 agit,
2051 3612 2117 3671 fit
2166 3612 2303 3672 talis
2352 3613 2462 3673 do-

341 3719 465 3793 lor3
524 3723 583 3776 et
621 3719 762 3793 quia
790 3716 1118 3793 jucundum
1162 3716 1425 3776 coeleste
1468 3717 1649 3773 intrat
1679 3731 1788 3791 per
1829 3716 1988 3772 viam
2013 3716 2338 3789 internam,
2396 3731 2468 3774 ac

339 3820 534 3880 influit
571 3820 631 3876 in
659 3817 993 3894 jucundum
1038 3819 1428 3891 contrarium,
1483 3822 1723 3892 torquet
1757 3816 2041 3875 interiora
2077 3833 2232 3891 quae
2270 3817 2332 3874 in
2358 3816 2467 3894 ju·

343 3919 536 3980 cundo
570 3919 676 3978 illo
712 3926 883 3993 sunt,
926 3925 1283 3993 retrorsum,
1339 3920 1422 3975 ita
1456 3919 1518 3975 iu
1556 3916 1675 3975 sibi
1711 3919 2079 3994 oppositum,
2138 3916 2276 3976 inde
2313 3917 2470 3978 tales

344 4022 669 4080 cruciatus·
757 4019 935 4109 Quod
989 4021 1250 4096 oppositi
1307 4021 1452 4093 sint,
1520 4024 1642 4094 est,
1717 4025 1783 4077 ut
1837 4035 2022 4095 supra
2083 4018 2302 4079 dictum
2361 4024 2472 4090 est,

344 4123 490 4199 quia
524 4136 692 4180 amor
707 4117 1135 4206 ‚in-Qominum
1173 4126 1233 4179 et
1269 4136 1435 4178 amor
1472 4137 1617 4196 erga
1650 4122 2016 4196 proximum,
2058 4120 2268 4178 volunt
2303 4135 2469 4177 com·

342 4217 650 4281 municare
686 4201 885 4280 omnia
918 4237 1033 4280 sua
1070 4220 1229 4294 aliiS,
1281 4220 1394 4280 hoc
1432 4223 1587 4281 enim
1628 4238 1834 4281 eorum
1860 4220 2194 4299 jucundum
2233 4224 2357 4297 est,
2409 4222 2476 4277 et

340 4341 511 4383 amor
546 4324 640 4381 sui
678 4328 737 4380 et
763 4322 967 4381 mundi
1008 4321 1216 4382 volunt
1252 4322 1489 4381 auferre
1528 4322 1659 4380 aliis
1692 4337 1823 4398 sua,
1871 4327 1931 4380 et
1967 4320 2043 4378 ad
2070 4335 2137 4376 se
2175 4318 2467 4391 derivare,
