3013 5114
644 424 755 477 304
1217 409 1311 464 DE
1354 408 1598 464 COELO
1639 409 1734 464 ΕΤ
1775 406 2111 465 INFERNO.

640 582 740 634 tae
773 571 1007 631 illorum
1043 572 1104 629 in
1141 569 1398 629 naturali
1441 570 1690 643 mundo,
1747 576 1809 628 et
1854 570 1997 647 quia
2029 583 2148 626 non
2183 566 2378 626 sciunt
2424 566 2649 644 aliquid
2685 568 2764 629 de

642 681 805 735 statu
837 674 999 730 vitae
1040 688 1187 731 suae
1225 678 1368 750 post
1402 680 1682 744 mortem,
1721 688 1832 730 nec
1860 669 2083 747 aliquid
2111 668 2184 727 de
2215 666 2384 727 coelo
2421 676 2483 727 et
2507 669 2761 745 inferno,

642 780 883 852 praeter
946 790 1099 849 quae
1152 790 1226 831 ex
1283 790 1465 832 sensu
1525 774 1739 832 literae
1788 771 1978 831 Verbi
2028 777 2087 830 et
2131 770 2270 828 inde
2313 770 2766 845 praedicatione

643 876 1012 949 didicerunt,
1081 874 1215 933 ideo
1265 883 1585 950 postquam
1626 875 1822 932 mirati
1858 879 1997 931 sunt
2034 871 2189 948 quod
2230 874 2290 929 in
2335 887 2587 947 corpore
2622 874 2762 947 sint,

644 983 706 1036 et
751 978 811 1033 in
860 977 1017 1034 omni
1066 991 1251 1034 sensu
1289 978 1349 1033 in
1393 993 1511 1051 quo
1547 979 1607 1039 in
1644 973 1892 1047 mundo,
1951 980 2013 1032 et
2049 972 2205 1050 quod
2244 972 2462 1030 similia
2500 973 2764 1049 videant,

641 1080 702 1137 in
753 1076 1114 1135 desiderium
1174 1077 1421 1135 veniunt
1471 1076 1703 1136 sciendi
1750 1074 1927 1151 quale
1979 1080 2071 1133 est
2124 1072 2403 1146 Coelum,
2473 1080 2534 1133 et
2587 1075 2769 1150 quale

642 1180 969 1251 infernum,
1027 1195 1096 1237 ac
1138 1178 1408 1254 ubinam3
1464 1196 1650 1254 quare
1689 1176 1763 1235 ab
1808 1178 2014 1234 amicis
2056 1177 2430 1235 instruuntur
2475 1175 2550 1234 de
2601 1182 2769 1236 statu

644 1282 807 1339 vitae
849 1286 1169 1356 aeternae,
1228 1285 1288 1337 et
1336 1296 1573 1356 quoque
1614 1277 2136 1338 circumducuntur
2171 1276 2248 1335 ad
2289 1278 2455 1334 varia
2490 1277 2654 1350 loca,
2707 1284 2772 1338 et

647 1384 708 1440 in
744 1382 912 1438 varia
941 1382 1270 1452 consortia,
1313 1386 1372 1438 et
1409 1379 1648 1455 quidam
1686 1382 1744 1437 in
1783 1381 2096 1448 civitatee,
2150 1383 2210 1435 et
2246 1394 2484 1453 quoque
2519 1379 2581 1435 in
2615 1378 2763 1437 hor-

648 1489 741 1540 tos
780 1486 842 1537 et
880 1479 1192 1555 paradisos
1212 1525 1230 1555 ,
1266 1479 1624 1557 plerumque
1654 1480 1730 1538 ad
1767 1480 2109 1557 magnifica,
2164 1480 2441 1555 quoniam
2477 1478 2622 1537 talia
2657 1480 2770 1539 ob-

640 1582 868 1639 lectant
913 1587 1188 1652 externa,
1246 1582 1306 1638 in
1349 1579 1566 1657 quibus
1613 1588 1784 1641 sunt:
1841 1582 2111 1639 seruntur
2158 1586 2300 1639 tunc
2342 1596 2455 1656 per
2502 1581 2668 1640 vices
2702 1583 2768 1640 in

644 1697 786 1741 suas
835 1682 1227 1757 cogitationes
1242 1725 1258 1756 ,
1317 1699 1467 1758 quas
1511 1681 1584 1741 de
1626 1691 1786 1741 statu
1841 1700 1988 1740 suae
2028 1683 2263 1740 animae
2310 1686 2451 1757 post
2491 1688 2764 1758 mortem,

643 1782 839 1857 deque
876 1781 1045 1839 coelo
1085 1789 1143 1840 et
1179 1782 1252 1841 de
1289 1784 1549 1858 inferno,
1593 1785 1654 1842 in
1690 1786 1814 1843 vita
1852 1783 2120 1860 corporis
2154 1782 2513 1855 habuerunt,
2553 1789 2614 1841 et
2647 1782 2769 1844 hoc

643 1899 837 1960 usque
876 1882 954 1941 ad
991 1883 1489 1959 indignationem,
1546 1885 1706 1962 quod
1739 1885 1825 1943 illi
1868 1884 2014 1944 talia
2051 1899 2300 1959 prorsus
2335 1885 2765 1958 ignoraverint,

648 1990 710 2043 et
737 2000 975 2061 quoque
1019 1972 1177 2060 quod
1202 1984 1477 2045 Ecclesia
1511 1989 1763 2063 ignoret.
1819 1987 2019 2045 Paene
2060 2000 2266 2044 omnes
2308 1985 2555 2059 cupiunt
2589 1987 2771 2054 scire,

643 2103 783 2146 num
814 2087 874 2143 in
916 2085 1147 2144 coelum
1183 2089 1419 2145 venturi
1472 2091 1626 2160 sint3
1682 2088 1955 2164 plerique
2003 2084 2253 2145 credunt
2303 2084 2462 2161 quod
2509 2087 2572 2143 in
2617 2101 2766 2145 coe-

642 2185 797 2257 lum,
858 2187 998 2260 quia
1035 2187 1094 2241 in
1131 2185 1349 2244 mundo
1389 2187 1675 2245 moralem
1717 2196 1778 2247 et
1823 2187 2060 2246 civilem
2092 2187 2276 2244 vitam
2317 2192 2596 2262 egerunt3
2643 2203 2770 2246 non

643 2286 975 2359 cogitantes
1017 2285 1172 2360 quod
1213 2286 1353 2343 mali
1381 2303 1451 2345 ac
1485 2286 1628 2346 boni
1664 2288 1918 2346 similem
1954 2290 2136 2345 vitam
2179 2293 2359 2362 agant
2383 2289 2445 2345 in
2482 2290 2769 2359 externi8‚

643 2384 915 2444 similiter
964 2386 1097 2445 aliis
1147 2385 1302 2444 bona
1351 2388 1604 2461 faciant,
1658 2405 1729 2448 ac
1775 2389 2046 2448 similiter
2089 2389 2470 2464 frequentent
2516 2388 2766 2465 templa,

639 2494 700 2545 et
741 2486 1081 2546 auscultent
1115 2489 1631 2565 praedicationes,
1686 2496 1746 2549 et
1788 2497 1957 2550 orent
1971 2510 1987 2566 3
2043 2504 2291 2566 prorsus
2328 2505 2444 2546 non
2481 2490 2768 2561 scientes,

636 2589 796 2665 quod
838 2592 1068 2647 externi
1113 2598 1285 2651 actus
1336 2597 1396 2650 et
1446 2598 1695 2651 externa
1743 2592 1939 2651 cultus
1993 2591 2142 2649 nihil
2185 2591 2439 2663 saciant,
2495 2590 2607 2649 sed
2663 2594 2764 2649 in—

636 2697 809 2749 terna
846 2707 921 2748 ex
967 2690 1183 2764 quibus
1216 2699 1462 2751 externa
1496 2693 1861 2769 procedunt:
1914 2710 1988 2752 ex
2024 2691 2252 2767 aliquot
2285 2690 2447 2750 mille
2477 2694 2578 2749 vix
2608 2708 2769 2751 unus

636 2793 756 2849 scit
793 2789 938 2866 quid
976 2793 1208 2849 interna
1228 2837 1246 2867 ‚
1304 2799 1365 2850 et
1397 2793 1558 2868 quod
1594 2796 1654 2852 in
1690 2794 1783 2851 his
1821 2796 1899 2851 sit
1937 2792 2184 2852 Coelum
2231 2798 2293 2851 et
2330 2792 2607 2851 Ecclesia
2643 2792 2764 2851 ho-

642 2892 812 2965 mini3
873 2897 932 2948 et
982 2893 1176 2951 minus
1226 2893 1385 2969 quod
1435 2896 1663 2953 externi
1719 2901 1890 2954 actus
1944 2894 2097 2952 tales
2157 2895 2303 2967 sint,
2363 2893 2572 2969 quales
2621 2901 2769 2952 sunt

640 2991 1005 3048 intentiones
1061 2998 1120 3050 et
1161 2996 1589 3069 cogitationes,
1651 3001 1710 3055 et
1746 2998 1806 3053 in
1853 2995 1947 3053 his
1986 3012 2151 3052 amor
2191 3001 2251 3053 et
2282 2992 2587 3065 fide3,·*ex
2624 2995 2765 3071 qui—

636 3089 751 3147 bus
811 3097 981 3147 sunt:
1057 3097 1116 3148 et
1167 3110 1297 3150 cum
1356 3096 1754 3165 instruuntur,
1823 3114 1940 3154 non
1991 3097 2236 3172 capiunt
2284 3093 2444 3171 quod
2491 3096 2761 3171 cogitare

638 3196 698 3249 et
749 3188 907 3250 velle
958 3189 1183 3272 aliqu-id
1242 3193 1490 3267 saciant,
1575 3197 1686 3254 sed
1727 3196 1920 3254 solum
1983 3196 2147 3271 loqui
2198 3201 2261 3255 et
2306 3212 2522 3272 agere:
2603 3195 2765 3256 tales

636 3297 778 3350 sunt
822 3291 1120 3369 plerique,
1177 3295 1282 3369 qui
1328 3292 1508 3354 hodie
1550 3312 1625 3354 ex
1673 3295 1834 3355 Orbe
1874 3295 2213 3355 Christiano
2261 3298 2321 3356 in
2369 3296 2620 3356 alteram
2663 3297 2760 3354 vi·

635 3399 756 3452 tam
795 3396 1059 3454 veniunt.
2617 3459 2620 3466 ,

794 3497 960 3556 496.
1016 3495 1419 3572 Explorantur
1460 3513 1655 3575 usque
1695 3514 1731 3555 a
1764 3496 1935 3556 bonis
1982 3498 2291 3574 spiritibus
2338 3497 2548 3575 quales
2599 3503 2760 3573 sunt,

636 3603 698 3655 et
728 3595 845 3655 hoc
887 3598 1068 3656 variis
1099 3598 1319 3673 modiS,
1378 3601 1655 3674 quoniam
1693 3600 1753 3657 in
1787 3601 1978 3674 primo
2014 3598 2130 3658 hoc
2183 3603 2346 3658 statu
2382 3598 2525 3657 mali
2561 3615 2763 3675 aeque

633 3712 782 3754 vera
817 3696 1167 3774 loquuntur,
1234 3716 1304 3758 ac
1349 3699 1509 3758 bona
1556 3706 1766 3777 agunt,
1834 3701 1989 3758 sicut
2040 3700 2211 3776 boni3
2289 3716 2364 3759 ex
2409 3715 2625 3773 causa,
2683 3698 2763 3759 de

637 3810 755 3869 qua
790 3811 1004 3873 supra,
1062 3800 1201 3874 quia
1242 3817 1436 3877 aeque
1482 3800 1788 3861 moraliter
1832 3802 2109 3859 vixerunt
2159 3802 2220 3858 in
2257 3807 2507 3859 externa
2541 3799 2755 3875 forma,

636 3896 914 3969 quoniam
962 3899 1021 3953 in
1056 3900 1470 3974 regiminibus,
1528 3907 1589 3959 et
1635 3901 1750 3960 sub
1786 3900 2021 3978 legibus
2036 3944 2052 3974 ,
2111 3907 2171 3959 et
2220 3903 2500 3977 quoniam
2546 3918 2659 3976 per
2696 3899 2762 3960 id

633 4002 1090 4069 aucupaverunt
1128 3997 1348 4056 famam
1374 3999 1530 4074 justi
1565 4007 1627 4058 et
1664 4003 1907 4077 sinceri,
1961 4007 2021 4061 et
2057 4007 2450 4078 captaverunt
2495 4003 2757 4078 animos,

635 4100 695 4152 et
731 4095 818 4153 sic
855 4097 1049 4153 evecti
1087 4102 1227 4154 sunt
1267 4097 1346 4154 ad
1390 4097 1677 4173 honores,
1737 4108 1797 4160 et
1835 4100 2053 4159 lucrati
2088 4118 2268 4178 opes:
2324 4103 2754 4161 internoscan-

634 4200 731 4252 tur
777 4211 920 4254 vero
962 4194 1104 4254 mali
1151 4197 1401 4274 spiritus
1456 4215 1492 4255 a
1539 4197 1710 4258 bonis
1760 4203 2049 4277 imprimis
2093 4219 2206 4280 per
2254 4200 2342 4277 id,
2399 4200 2560 4278 quod
2611 4202 2762 4262 mali

633 4296 847 4374 cupide
892 4296 1200 4356 attendant
1237 4297 1313 4356 ad
1344 4297 1450 4356 illa
1485 4314 1639 4375 quae
1678 4299 1953 4360 dicuntur
1989 4302 2064 4362 de
2103 4303 2393 4372 externis,
2432 4308 2493 4362 et
2534 4320 2757 4381 parum
