3013 5114
557 416 628 468 46
1168 403 1261 457 DE
1303 402 1538 458 COELO
1579 402 1674 457 ET
1713 402 2047 457 INFERNO.

559 560 661 622 sit,
727 568 784 611 ct
826 556 998 629 quod'
1040 555 1632 628 incomprehensibile
1686 566 1802 619 est,
1868 555 1926 608 in
1980 554 2196 607 nullam
2251 552 2438 607 ideam
2491 554 2675 618 cadat,

559 637 634 688 ita
669 651 774 687 nec
811 633 870 685 in
905 631 1111 695 iidem,
1155 650 1223 683 n:
1270 640 1437 692 9359.
1480 640 1650 692 9972.
1721 630 1888 697 Quod
1928 633 2104 685 homo
2141 629 2338 684 colere
2381 630 2567 701 possit
2605 629 2678 684 (le

557 727 674 782 quo
716 711 968 781 aliquam
1008 708 1194 762 ideam
1231 708 1433 770 habet,
1496 719 1556 762 et
1598 726 1717 762 non
1771 708 1842 762 de
1896 725 2032 780 quo*
2069 707 2317 770 nullam,
2383 722 2450 760 n:
2506 714 2677 780 4733.

558 795 725 847 5110.
764 793 932 845 5633.
972 791 1140 845 7211.
1171 793 1339 845 9356·
1378 793 1586 845 10067.
1726 783 1841 837 uod
1878 783 2011 837 ideo
2045 801 2077 837 a
2109 782 2411 855 plerisque
2455 782 2513 835 in
2555 783 2680 837 uni-

558 879 730 916 verso
769 873 1057 915 terrarum
1101 862 1247 915 orbe
1288 861 1562 914 Divinum
1613 878 1682 914 co
1709 871 1841 914 atur
1878 859 1984 912 sub
2033 861 2292 912 Humana
2334 857 2557 923 forma,
2621 869 2682 912 et

558 938 716 1010 quod
760 937 817 991 id
859 938 932 990 sit
971 954 1080 1008 per
1122 936 1396 990 influxum
1438 955 1469 990 e
1512 925 1701 1000 coelo,
1746 953 1812 989 nt
1857 943 2064 996 10159.
2126 933 2297 1064 guod
2341 951 2542 989 omnes
2577 935 2679 1008 qui

558 1017 616 1068 in
656 1014 816 1067 bono
859 1023 991 1066 sunt
1031 1013 1223 1086 quoad
1264 1014 1473 1076 vitam,
1538 1031 1667 1066 cum
1709 1012 1966 1082 cogitant
2010 1012 2081 1064 de
2181 1011 2414 1074 omino,
2476 1011 2548 1064 de
2581 1010 2678 1064 Di·

555 1090 695 1144 vino
738 1092 1002 1143 Humano
1045 1090 1322 1162 cogitent,
1367 1100 1424 1143 et
1463 1107 1584 1142 non
1626 1088 1696 1142 de
1738 1091 2003 1142 Humano
2047 1097 2314 1160 separato
2355 1104 2389 1139 a
2428 1087 2642 1140 Divino
2657 1108 2678 1157 5

555 1166 728 1220 aliter
768 1165 865 1238 qui
903 1183 1018 1218 non
1057 1165 1113 1218 in
1153 1166 1313 1219 bono
1350 1165 1543 1238 quoad
1578 1165 1755 1218 vitam
1794 1175 1943 1228 sunt,
1988 1181 2054 1216 n:
2099 1171 2267 1224 2326.
2306 1170 2475 1225 4724.
2502 1169 2674 1225 4731.

557 1250 726 1304 4766.
779 1249 947 1302 8878.
990 1249 1157 1301 9193.
1199 1242 1364 1301 9198.
1459 1240 1632 1317 Quod
1691 1239 1949 1312 cogitent
2002 1238 2074 1294 de
2128 1242 2392 1294 Humano
2446 1239 2678 1292 Domini

556 1319 775 1392 absque
810 1318 1022 1372 Divino
1060 1317 1233 1371 hodie
1262 1318 1320 1370 in
1363 1317 1619 1370 Ecclesia
1661 1317 1761 1389 qui
1798 1317 1859 1368 in
1899 1316 2052 1370 malo
2094 1315 2288 1388 quoad
2320 1315 2499 1369 vitam
2526 1326 2678 1379 sunt,

557 1410 678 1450 tum
719 1396 819 1468 qui
864 1394 923 1446 in
962 1393 1073 1446 fide
1116 1403 1379 1465 separata
1420 1412 1451 1446 a
1493 1393 1805 1458 charitate,
1859 1403 1916 1446 et
1956 1409 2192 1466 quoque
2232 1391 2391 1465 quod
2433 1408 2550 1445 non
2590 1409 2680 1446 ca·

556 1472 719 1543 piant
759 1470 899 1541 quid
942 1469 1216 1522 Divinum
1259 1472 1615 1533 Humanum,
1680 1485 1914 1533 causae,
1971 1487 2040 1521 n:
2086 1476 2251 1528 3212.
2292 1475 2458 1530 3241.
2503 1473 2676 1529 4689.

558 1555 726 1608 4692.
757 1553 927 1606 4724.
964 1553 1133 1606 4731.
1185 1553 1349 1605 5321·
1390 1553 1561 1606 6372.
1598 1553 1764 1605 8878·
1804 1553 1972 1605 9193.
2014 1552 2181 1605 9198·
2257 1543 2430 1621 Quod
2471 1546 2679 1598 Huma-

555 1641 694 1676 num
732 1622 963 1675 Domini
991 1622 1065 1674 sit
1090 1621 1393 1685 Divinum,
1439 1622 1574 1694 quia
1616 1639 1684 1675 ex
1726 1623 1864 1675 Esse
1899 1623 2087 1674 Patris
2114 1619 2273 1694 quod
2309 1621 2428 1691 lpsi
2466 1621 2676 1684 anima,

559 1700 908 1752 illustratum
935 1715 1043 1769 per
1069 1697 1508 1752 similitudinem
1532 1699 1714 1768 patris
1744 1698 1801 1749 in
1842 1697 2079 1760 liberis,
2124 1715 2193 1751 n:
2237 1704 2442 1757 10269.
2472 1703 2677 1757 10372.

559 1782 767 1835 10823.
851 1775 922 1826 Et
967 1774 1102 1845 quia
1150 1791 1218 1827 ex
1264 1774 1477 1827 Divino
1520 1791 1749 1835 amore,
1806 1773 1905 1846 qui
1954 1773 2065 1826 fuit
2107 1773 2293 1845 ipsum
2342 1776 2480 1826 Esse
2524 1774 2679 1827 vitae

552 1852 742 1922 Ipsius
783 1867 813 1902 a
856 1850 1274 1921 conceptione,
1332 1867 1401 1902 n:
1447 1858 1619 1911 6872.
1701 1847 1866 1915 Quod
1925 1850 2326 1922 unusquisque
2382 1850 2557 1902 homo
2600 1850 2678 1902 sit

554 1927 685 1980 talis
726 1926 911 1998 qualis
954 1927 1076 1992 ejus
1111 1944 1294 1990 amor,
1339 1937 1396 1980 et
1436 1926 1593 1999 quod
1636 1927 1710 1980 sit
1751 1943 1886 1980 suus
1926 1943 2109 1988 amor,
2153 1943 2221 1977 n:
2266 1933 2434 1985 6872.
2467 1934 2675 1986 10177.

558 2011 762 2064 10284.
846 2000 1011 2068 Quod
1053 2002 1332 2056 Dominus
1389 2020 1561 2056 omne
1615 2005 1940 2055 Humanum
2001 2012 2116 2055 tam
2170 2002 2461 2055 internum
2503 2019 2675 2074 quam

522 2089 853 2132 -externum
895 2077 1104 2131 fecerit
1156 2079 1460 2141 Divinum,
1524 2097 1592 2132 n:
1650 2086 1815 2138 1603.
1861 2085 2029 2138 1815.
2078 2085 2246 2139 1902.
2291 2085 2463 2138 1926.
2506 2085 2674 2138 2093.

552 2162 721 2214 2883.
803 2152 969 2217 Quod
1013 2154 1145 2207 ideo
1189 2153 1380 2225 quoad
1424 2164 1608 2208 totum
1650 2170 1864 2224 corpus
1917 2154 2340 2217 resurrexerit,
2402 2171 2569 2207 secus
2611 2170 2676 2207 ao

557 2232 707 2282 uuus
752 2231 958 2291 homo,
1002 2247 1067 2281 n:
1114 2238 1281 2289 1729.
1318 2238 1486 2290 2083.
1529 2237 1695 2289 5078·
1738 2237 1944 2290 10825.

708 2303 871 2369 Quod
914 2307 1233 2358 Humanum
1284 2306 1514 2358 Domini
1567 2307 1640 2358 sit
1672 2307 1944 2359 Divinum
1990 2307 2326 2378 agnoscitur
2379 2324 2449 2360 ex
2494 2307 2674 2359 omni-

551 2381 881 2452 praesentia
931 2381 1120 2452 lpsius
1148 2382 1206 2433 in
1242 2381 1417 2435 Sacra
1462 2382 1689 2444 Coena,
1736 2399 1801 2433 n:
1846 2389 2013 2442 2343.
2056 2390 2225 2442 2359.
2289 2384 2361 2436 Et
2386 2401 2455 2438 ex
2490 2393 2673 2436 trans-

553 2458 906 2511 formatione
955 2457 1142 2529 lpsius
1184 2476 1378 2511 coram
1423 2458 1613 2511 tribus
1654 2457 1977 2528 discipulis,
2021 2471 2090 2515 n:
2133 2466 2299 2518 3212.
2344 2470 2401 2513 et
2442 2475 2678 2532 quoque

553 2552 621 2589 ex
666 2534 864 2588 Verbo
920 2534 1150 2588 Veteris
1198 2535 1550 2588 Testamenti
1592 2535 1751 2608 quod
1803 2534 2032 2588 dicatur
2081 2534 2269 2599 Deus,
2331 2553 2398 2589 n:
2456 2542 2675 2602 10154;

556 2623 614 2666 et
651 2611 809 2684 quod
843 2612 1122 2675 Jeh0v8h‚
1170 2629 1234 2664 ηε
1280 2619 1447 2672 1603·
1478 2621 1649 2672 1736.
1683 2619 1848 2672 1815.
1891 2620 2056 2671 1902.
2096 2619 2263 2671 2921·
2304 2619 2472 2672 3035.
2504 2620 2676 2672 5110.

558 2696 726 2748 6281.
764 2696 930 2748 6303-
963 2695 1128 2749 8864·
1157 2696 1324 2749 9194.
1369 2695 1535 2748 9315.
1598 2687 1769 2766 Quod
1814 2688 1871 2739 in
1913 2705 2082 2741 sensu
2121 2687 2327 2741 literae
2364 2688 2678 2760 distingua-

558 2776 654 2816 tur
694 2766 845 2816 inter
891 2766 1118 2816 Patrem
1167 2774 1225 2816 et
1271 2764 1517 2827 Filium,
1581 2782 1682 2817 seu
1731 2765 2009 2817 Jehovam
2062 2773 2118 2817 et
2172 2763 2513 2826 Dominum,
2577 2762 2679 2819 sed

554 2856 671 2891 non
716 2840 773 2890 in
797 2855 966 2891 sensu
1011 2838 1187 2891 Verbi
1232 2840 1462 2892 interno
1509 2840 1565 2891 in
1605 2857 1721 2911 quo
1765 2850 1896 2893 sunt
1936 2841 2136 2912 Angeli
2176 2841 2348 2903 coeli,
2389 2858 2460 2893 n:
2505 2848 2674 2900 3035.

560 2913 731 2992 Quod
775 2915 833 2967 in
868 2913 1198 2966 Christiano
1241 2915 1389 2968 orbe
1418 2918 1744 2967 Humanum
1783 2915 2016 2968 Domini
2045 2933 2163 2969 non
2196 2916 2470 2969 Divinum
2502 2933 2676 2990 agno·

559 2989 786 3053 verint,
851 2989 1004 3061 quod
1051 2988 1264 3042 factum
1303 2990 1378 3044 sit
1432 2990 1489 3041 in
1530 2991 1797 3044 Concilio
1851 3003 2099 3064 propter
2144 2993 2387 3064 Papam,
2449 3002 2513 3045 ut
2563 3009 2675 3064 pro

560 3064 798 3117 Vicario
837 3064 1024 3139 Ipsius
1062 3075 1506 3134 agnosceretur,
1551 3084 1619 3119 n:
1665 3074 1832 3127 4738.

712 3139 884 3220 Quod
926 3141 1239 3194 Christiani
1281 3143 1340 3195 in
1387 3144 1567 3196 altera
1605 3144 1722 3196 vita
1764 3143 2048 3214 explorati
2077 3144 2193 3198 sint
2233 3144 2461 3216 qualem
2490 3144 2677 3198 ideam

558 3217 629 3270 de
669 3217 791 3271 Deo
837 3234 955 3269 uno
1003 3217 1318 3283 haberent,
1382 3229 1440 3273 et
1483 3219 1639 3291 quod
1676 3232 2042 3290 compertum
2083 3221 2158 3273 sit
2199 3220 2356 3292 quod
2395 3220 2678 3274 haberent

560 3293 743 3348 ideam
802 3292 977 3345 trium
1041 3292 1315 3358 deorum,
1378 3313 1446 3347 n:
1510 3303 1680 3355 2329.
1731 3303 1900 3357 5256.
1954 3304 2158 3357 10736.
2210 3304 2416 3356 10737.
2464 3304 2671 3357 10738.

559 3378 760 3431 10821.
806 3367 969 3435 Quod
1000 3369 1253 3423 Trinitas
1290 3387 1388 3423 seu
1419 3371 1662 3424 Trinum
1700 3371 1971 3424 Divinum
2010 3373 2069 3425 in
2107 3388 2219 3425 una
2253 3389 2504 3445 persona
2542 3390 2677 3426 con·

555 3447 670 3517 cipi
707 3447 923 3519 possit,
969 3456 1027 3499 et
1054 3446 1137 3499 sic
1164 3464 1309 3500 unus
1336 3447 1512 3511 Deus,
1554 3465 1673 3499 non
1706 3458 1897 3501 autem
1937 3448 1997 3501 in
2031 3448 2220 3502 tribus
2269 3449 2557 3512 Personis‚
2605 3465 2677 3501 n:

559 3530 764 3584 10738.
804 3530 1009 3583 10821.
1035 3530 1238 3584 10824.
1313 3521 1479 3588 Quod
1517 3523 1790 3577 Divinum
1826 3523 2069 3577 Trinum
2112 3524 2170 3576 in
2195 3524 2446 3577 Domino
2473 3541 2677 3596 agnos·

556 3608 726 3652 eatur
759 3599 816 3651 in
855 3600 1044 3663 eoelo,
1089 3617 1156 3652 n:
1202 3607 1291 3661 14·
1328 3608 1418 3661 15.
1470 3608 1640 3660 1729.
1684 3607 1850 3661 2005.
1889 3606 2059 3660 5256.
2096 3608 2264 3660 9303.
2347 3599 2514 3665 Quod
2548 3599 2679 3653 Tri·

496 3677 501 3682 '
555 3691 691 3726 num
725 3675 785 3726 in
819 3674 1071 3728 Domino
1113 3677 1188 3729 sit
1223 3677 1419 3746 Ipsum
1453 3676 1729 3728 Divinum
1779 3675 1937 3748 quod
1972 3677 2144 3729 Pater
2189 3687 2468 3740 vocatur,
2511 3675 2671 3729 Divi-

555 3767 689 3803 num
722 3751 1042 3803 Humanum
1078 3752 1236 3824 quod
1270 3753 1484 3815 Filius,
1529 3763 1587 3806 et
1627 3752 1900 3805 Divinum
1935 3751 2261 3823 procedens
2296 3752 2454 3825 quod
2491 3752 2677 3824 Spiri-

555 3836 645 3879 tus
679 3827 953 3889 Sanctus‚
998 3837 1056 3880 et
1088 3826 1247 3898 quod
1286 3829 1396 3882 hoc
1436 3827 1677 3881 Trinum
1720 3828 1996 3881 Divinum
2036 3828 2111 3882 sit
2148 3846 2345 3891 unum,
2391 3846 2460 3881 n:
2504 3836 2676 3890 2149.

555 3909 723 3962 2156·
758 3909 928 3962 2288.
967 3910 1132 3963 2321·
1168 3910 1337 3963 2329.
1379 3912 1550 3965 2447.
1590 3912 1755 3965 3704·
1796 3912 1965 3965 6993.
2003 3912 2169 3965 7182.
2218 3912 2423 3965 10738·
2465 3912 2676 3966 10822.

552 3984 760 4038 10823.
842 3975 1005 4041 Quod
1046 3980 1179 4050 Ipse
1214 3978 1494 4032 Dominus
1529 3978 1763 4043 doceat,
1808 3980 1964 4052 quod
2008 3982 2179 4034 Pater
2221 3991 2279 4034 et
2324 3982 2457 4052 Ipse
2497 3997 2678 4033 unum

554 4053 701 4117 sint,
743 4070 812 4105 nt
858 4059 1028 4112 1729.
1063 4061 1234 4116 2004.
1271 4061 1441 4115 2005.
1477 4062 1645 4116 2018·
1680 4063 1851 4116 2025.
1886 4063 2058 4116 2751.
2098 4062 2268 4118 3704.
2300 4064 2469 4116 3736.
2503 4064 2675 4117 47663

552 4139 610 4183 et
648 4128 806 4201 quod
829 4130 1121 4183 Sanctum
1160 4130 1434 4184 Divinum
1464 4131 1744 4202 procedat
1774 4132 1846 4186 ab
1882 4134 2039 4203 Ipso,
2082 4143 2141 4187 et
2168 4131 2328 4205 quod
2353 4133 2429 4185 sit
2461 4133 2675 4204 Ipsius,

553 4222 608 4257 n:
653 4213 822 4266 3969.
862 4212 1032 4265 4673.
1070 4214 1239 4267 6788.
1276 4215 1444 4267 6993.
1481 4214 1646 4267 7499.
1677 4215 1843 4268 8127.
1882 4216 2051 4269 8302.
2094 4217 2261 4269 9199.
2296 4216 2463 4269 9228.
2503 4217 2676 4269 9229.

554 4288 721 4342 9270·
764 4287 934 4342 9407.
976 4287 1144 4342 9818.
1181 4290 1349 4344 9820.
1390 4291 1594 4344 10330.

604 4957 607 4962 ι
774 4935 785 4948 ι
2651 4943 2658 4948 v
2701 4921 2706 4926 ι
