3013 5114
325 430 451 498 QUI
493 431 567 486 ΙΝ
611 429 974 497 INFERNIS‚
1039 431 1223 487 SUNT
1261 432 1336 487 IN
1376 431 1594 489 MALIS
1636 433 1729 489 ET
1768 432 1942 490 INDE
1983 432 2249 492 FALSIS.
2352 443 2462 499 349

323 601 395 655 ut
445 611 483 654 a
531 599 739 654 centro
794 592 1071 670 procedit
1114 593 1191 653 ad
1239 610 1445 655 omnes
1495 596 1598 674 qui
1640 594 1768 673 Ipsi
1822 595 2126 674 conjuncti
2167 601 2311 655 sunt
2349 611 2461 673 per
2519 622 2527 631 ·

312 710 587 771 ⁴amorem
640 700 702 754 et
753 692 970 765 fidem,
1035 711 1107 755 ac
1165 695 1444 772 procedit
1500 695 1831 765 secundum
1887 696 2064 774 quale
2116 697 2337 756 amoris
2397 700 2461 755 et

320 795 466 857 fidei
518 795 681 873 apud
731 794 868 854 illos
923 790 1075 877 (hh).
1169 795 1319 856 Inde
1369 803 1567 873 patet,
1632 797 1793 875 quod
1842 814 2010 857 amor
2059 789 2317 874 proximi
2360 798 2456 856 in-

323 896 550 958 choans
588 896 666 954 ab
699 896 939 955 homine
978 899 1057 957 sit
1092 899 1413 974 oppositus
1454 900 1644 957 amori
1681 916 1826 976 erga
1858 900 2195 977 proximum
2225 898 2327 975 qui
2358 899 2456 956 in-

324 998 507 1059 choat
544 1014 581 1055 a
621 995 907 1072 Domino,
978 1004 1038 1058 et
1080 997 1241 1074 quod
1275 998 1378 1059 ille
1415 998 1706 1076 procedat
1750 1016 1787 1058 a
1820 995 2013 1070 'malm
2064 1000 2205 1078 quia
2240 1015 2278 1056 a
2310 1015 2456 1075 pro-

321 1101 460 1178 prio
492 1097 781 1170 hominia,
837 1102 899 1156 at
931 1097 1034 1159 hic
1075 1116 1112 1158 a
1146 1098 1338 1172 bono,
1393 1101 1535 1176 quia
1571 1117 1609 1158 a
1645 1100 1933 1175 Domino,
1986 1102 2087 1178 qui
2123 1103 2216 1159 eet
2248 1097 2460 1175 Ipsum

323 1199 590 1260 Bonum:
644 1204 814 1276 patet
849 1199 1065 1274 etiam,
1121 1200 1284 1278 quod
1320 1217 1487 1260 amor
1520 1202 1807 1278 proximi,
1847 1183 1970 1278 ⁴qui
2007 1201 2083 1261 ab
2117 1200 2358 1259 homine
2397 1204 2459 1258 et

325 1302 459 1379 ejus
496 1301 744 1378 proprio
775 1300 1076 1377 procedit,
1129 1302 1209 1359 sit
1238 1317 1595 1378 corporeus,
1635 1306 1708 1359 at
1738 1319 1906 1361 amor
1941 1319 2085 1379 erga
2120 1300 2457 1378 proximum

326 1404 432 1479 qui
467 1418 505 1460 a
536 1402 794 1460 Domino
830 1401 1129 1476 procedit,
1181 1402 1259 1459 sit
1307 1401 1607 1462 coelestis.
1696 1399 1932 1477 Verbo,
1992 1403 2181 1462 Amor
2229 1401 2324 1459 sui
2357 1398 2455 1458 fa-

327 1504 412 1563 cit
444 1501 607 1578 apud
639 1501 974 1573 hominem,
1016 1504 1076 1561 in
1113 1518 1230 1580 quo
1268 1507 1389 1578 est,
1433 1509 1647 1581 caput3
1688 1508 1749 1564 et
1773 1503 1960 1563 Amor
1995 1502 2276 1563 coelestis
2311 1500 2457 1561 facit

327 1602 494 1681 apud
528 1602 696 1663 illum
744 1601 965 1679 pedeS,
1019 1605 1117 1664 cui
1163 1605 1416 1679 insistit,
1485 1609 1547 1662 et
1592 1607 1644 1663 ei
1689 1620 1808 1664 non
1843 1606 2032 1664 servit
2077 1602 2218 1677 sibi,
2278 1617 2458 1677 quem

327 1703 587 1782 pedibus
622 1702 962 1782 proculcat3
1019 1703 1156 1764 inde
1195 1710 1316 1779 est,
1380 1703 1541 1781 quod
1578 1706 1679 1781 qui
1726 1706 1788 1764 in
1823 1705 2115 1764 infernum
2154 1703 2450 1780 dejiciun-

327 1810 462 1877 tur,
514 1810 850 1882 appareant
898 1804 1076 1885 dejici
1119 1805 1387 1882 supinati
1436 1806 1637 1881 capite
1683 1804 1963 1865 deorsum
2011 1805 2089 1864 ad
2139 1804 2454 1875 infernum,

330 1912 394 1967 et
428 1904 690 1985 pedibus
732 1921 970 1965 sursum
1007 1906 1087 1964 ad
1124 1905 1400 1978 Coelum,
1457 1904 1732 1964 videatur
1772 1921 1963 1982 supra
2002 1923 2073 1964 n:
2135 1906 2296 1963 548.

491 2007 653 2067 559.
711 2005 899 2066 Amor
934 2008 1029 2067 sui
1063 2005 1417 2087 etiamxtalis
1448 2013 1573 2081 est,
1622 2011 1691 2064 ut
1727 2011 2014 2082 quantum
2051 2004 2141 2064 illi
2176 2003 2458 2062 laxantur

326 2106 582 2187 fraena,
610 2106 726 2166 hoc
762 2114 874 2179 est,
912 2113 1299 2170 removentur
1334 2106 1579 2166 vincula
1608 2113 1875 2182 externa,
1916 2123 2072 2183 quae
2108 2111 2248 2164 sunt
2275 2107 2452 2161 timo-

325 2224 427 2268 res
461 2226 572 2286 pro
610 2208 748 2285 lege
786 2214 847 2267 et
882 2210 1013 2288 ejus
1050 2211 1295 2287 paeni3‚
1345 2224 1578 2286 proque
1610 2208 1864 2287 xjactura
1903 2207 2138 2282 famae,
2193 2205 2456 2275 honoria,

326 2307 508 2384 lucri,
558 2309 875 2369 functionis
918 2317 983 2371 et
1023 2312 1223 2386 vitae,
1270 2316 1501 2369 tantum
1536 2315 1702 2385 ruat,
1740 2326 1934 2385 usque
1970 2308 2211 2368 tandem
2249 2311 2459 2365 utnon

329 2408 508 2469 modo
542 2412 841 2485 imperare
895 2412 1042 2470 velit
1088 2427 1273 2486 super
1317 2413 1668 2469 universum
1715 2415 2011 2469 terrarum
2058 2408 2291 2481 orbem,
2346 2405 2456 2465 sed

332 2510 515 2569 etiam
555 2524 742 2586 super
775 2515 963 2570 totum
1006 2503 1283 2586 Goelum,
1341 2525 1413 2570 ac
1456 2525 1646 2587 super
1677 2509 1885 2586 Ipsum
1928 2508 2249 2579 Divinum,
2306 2520 2456 2566 nus-

490 2746 621 2811 (hh)
676 2743 783 2811 Qui
837 2760 955 2796 non
1009 2741 1229 2805 sciunt,
1296 2738 1435 2813 quid
1479 2739 1555 2792 sit
1595 2755 1790 2792 amare
1830 2735 2190 2809 proximum,
2254 2745 2459 2808 putant

332 2821 492 2896 quod
533 2820 932 2894 unusquisque
974 2821 1150 2873 homo
1193 2817 1268 2869 sit
1303 2816 1633 2888 proximae,
1678 2825 1735 2868 et
1775 2812 1934 2885 quod
1972 2809 2457 2866 benefaciendum

335 2900 412 2953 sit
452 2897 667 2963 cuivis,
731 2895 833 2969 qui
887 2911 1035 2967 opus
1090 2893 1341 2965 indiget,
1402 2909 1472 2945 n:
1531 2897 1698 2952 6704.
1783 2891 1852 2943 Et
1902 2905 2137 2962 quoque
2189 2886 2455 2951 credunt,

334 2973 497 3048 quod
539 2974 786 3046 quisque
830 2971 944 3024 sibi
985 2970 1061 3024 sit
1098 2968 1431 3042 proxima,
1495 2978 1554 3021 et
1607 2966 1689 3019 sic
1742 2965 1900 3039 quod
1940 2981 2106 3018 amor
2145 2979 2279 3036 erga
2320 2980 2456 3034 pro·

331 3051 549 3104 ximum
589 3048 831 3120 incipiat
869 3065 901 3100 a
943 3063 1023 3111 se,
1066 3063 1135 3102 n:
1181 3053 1351 3105 6933.
1409 3043 1524 3122 Qui
1568 3060 1627 3097 se
1671 3058 1843 3114 supra
1886 3041 2080 3094 omnia
2120 3049 2331 3103 amant,
2376 3038 2456 3093 ita

332 3126 443 3191 illi,
486 3124 639 3197 apud
683 3141 829 3197 quos
870 3140 1036 3176 amor
1062 3122 1148 3175 sui
1177 3130 1399 3193 regnat,
1444 3119 1616 3173 etiam
1652 3134 1909 3172 amorem
1950 3133 2083 3190 erga
2128 3115 2456 3188 proximum

329 3221 364 3258 a
406 3219 466 3256 se
506 3201 827 3273 incipiunt,
883 3205 1179 3259 n:·812o.
1261 3196 1376 3251 Sed
1430 3194 1728 3268 quomodo
1781 3194 2030 3266 quisque
2086 3193 2198 3246 sibi
2255 3190 2453 3263 proxi·

331 3296 459 3332 mus
501 3288 619 3342 est,
662 3276 1018 3349 explicatur,
1059 3293 1127 3327 n:
1173 3281 1319 3333 6933
1354 3271 1425 3326 ad
1461 3280 1631 3344 6938.
1696 3271 1770 3324 At
1810 3270 1909 3342 qui
1953 3268 2268 3323 Christiani
2300 3276 2454 3330 sunt,

333 3365 393 3409 ct
429 3354 615 3408 Deum
671 3370 846 3425 supra
898 3350 1093 3404 omnia
1144 3359 1366 3413 amant,
1428 3365 1688 3401 amorem
1742 3362 1879 3417 erga
1943 3344 2271 3415 proximum
2314 3341 2455 3393 inci·

314 3431 497 3503 'pient
534 3446 566 3483 a
607 3429 879 3492 Domino,
924 3427 1060 3501 quia
1098 3426 1204 3479 Ille
1248 3441 1424 3496 supra
1466 3423 1660 3476 omnia
1701 3419 1976 3474 amandus
2020 3429 2126 3483 est,
2173 3436 2240 3471 n:
2285 3423 2455 3477 6706.

306 3507 509 3567 6711.
540 3513 711 3566 6819.
741 3511 909 3565 6824.
991 3501 1155 3568 Quod
1185 3499 1522 3555 discrimina
1564 3495 1813 3569 proximi
1858 3492 2101 3548 totidem
2136 3493 2271 3558 sint,
2314 3501 2460 3563 quot

332 3581 669 3635 discrimina
707 3579 851 3632 boni
892 3596 924 3631 a
965 3578 1238 3641 Domine,
1281 3586 1339 3629 ct
1380 3572 1539 3646 quod
1578 3571 1906 3625 faciendum
1949 3569 2023 3623 sit
2060 3569 2281 3624 bonum
2324 3584 2454 3619 cum

334 3655 672 3710 discrimine
733 3671 870 3725 erga
923 3668 1327 3725 quemcunque
1382 3648 1700 3702 secundum
1754 3645 1925 3719 quale
1966 3655 2144 3698 status
2185 3644 2341 3712 eine,
2401 3651 2460 3695 et
2517 3695 2521 3699 .

333 3732 496 3806 quod
549 3733 658 3784 hoc
718 3731 792 3783 sit
844 3727 1186 3801 prudentiae
1249 3724 1643 3788 Christianae,
1717 3740 1790 3779 n:
1848 3728 2014 3782 6707.
2062 3728 2233 3781 6709.
2288 3726 2455 3779 6710.

336 3816 509 3871 6818.
577 3804 743 3874 Quod
773 3803 1108 3859 discrimina
1151 3803 1249 3855 ina
1293 3802 1594 3854 innumera
1639 3799 1784 3866 sint,-
1829 3808 1885 3851 et
1926 3796 2086 3869 quod
2128 3796 2262 3851 ideo
2297 3793 2457 3848 Anti-

336 3887 459 3959 qui,
504 3885 604 3959 qui
646 3891 941 3936 noverunt
981 3879 1122 3953 quid
1163 3877 1481 3951 proximae,
1527 3874 1862 3947 redegerint
1902 3873 2178 3927 exercitia
2219 3870 2461 3926 charita-

334 3963 411 4015 tis
452 3962 513 4014 in
554 3961 797 4023 classes,
861 3967 919 4010 et
960 3954 1372 4028 insigniverint
1425 3952 1554 4005 illas
1610 3952 1726 4005 suis
1780 3949 2147 4013 nominibus,
2204 3958 2262 4003 et
2302 3944 2464 4020 quod

335 4036 470 4090 inde
510 4034 790 4091 sciverint
828 4033 889 4086 in
921 4049 1039 4105 quo
1081 4041 1354 4103 respectu
1387 4045 1535 4081 unus
1570 4038 1628 4082 ct
1666 4026 1814 4081 alter
1849 4036 2001 4081 esset
2037 4025 2359 4097 proximuS,
2403 4031 2462 4076 et

337 4112 634 4185 quomodo
660 4107 1142 4165 benefaciendum
1171 4106 1356 4160 cuivis
1381 4103 1724 4177 prudenter,
1767 4121 1837 4157 nx
1882 4110 2052 4163 2417.
2082 4109 2252 4162 6629.
2287 4104 2458 4159 6705.

339 4196 488 4249 7259
521 4188 593 4242 ad
619 4195 785 4248 7262.
868 4183 1034 4252 Quod
1075 4183 1355 4238 Doctrina
1397 4183 1454 4234 in
1489 4179 1764 4253 Antiquis
1805 4178 2083 4232 Ecclesiis
2124 4175 2306 4231 fuerit
2345 4176 2460 4226 Do-

336 4265 524 4319 ctrina
564 4261 862 4319 charitatis
902 4275 1039 4333 erga
1089 4259 1452 4332 proximum,
1517 4267 1574 4312 et
1616 4255 1773 4329 quod
1815 4255 1949 4309 inde
1993 4253 2107 4306 illis
2150 4247 2454 4322 sapientia,

338 4359 407 4393 ¹¹²
453 4348 624 4403 2417.
669 4346 840 4401 2385.
886 4344 1056 4399 3419.
1101 4343 1269 4398 3420·
1313 4341 1482 4397 4844-
1530 4340 1699 4394 6628.
