3013 5114
738 412 833 465 DE
876 411 1259 467 SAPIENTIA
1298 412 1747 469 ANGELORUM
1789 412 2020 470 COELI.
2358 425 2465 477 139

357 579 587 632 tantum
642 579 708 630 ut
762 573 1146 648 aequiparari
1196 578 1532 647 nequeant,
1614 579 1675 632 et
1725 573 1884 649 quod
1932 572 2298 633 transcendit
2353 574 2466 634 hoc

356 679 612 751 apparet
649 675 804 732 sicut
852 689 973 732 non
1009 672 1234 748 aliquid
1270 675 1376 733 sit:
1430 680 1572 733 sunt
1609 676 1787 733 etiam
1829 674 2032 751 aliqua
2072 677 2304 750 ignota,
2356 693 2467 752 per

355 792 512 853 quae
569 773 972 843 describetur,
1024 791 1178 849 quae
1221 781 1544 850 antequam
1588 782 1732 833 nota
1780 774 1958 848 fiunt,
2014 780 2155 833 sunt
2191 777 2253 833 in
2285 776 2466 834 intel·

353 876 515 936 lectu
556 877 712 935 sicut
751 874 1035 948 umbrae,
1111 881 1170 933 et
1226 876 1313 933 sic
1367 892 1607 952 quoque
1659 893 1815 950 rem,
1882 875 2075 952 qualis
2119 877 2181 933 in
2231 892 2299 935 se
2353 883 2462 951 est,

356 976 660 1037 occultant
673 997 690 1053 3
746 975 856 1035 sed
904 992 1100 1051 usque
1142 975 1292 1034 talia
1324 982 1481 1045 sunt,
1530 994 1684 1052 quae
1714 984 1968 1053 possunt
2004 978 2181 1051 sciri,
2234 984 2293 1035 et
2329 978 2469 1036 dum

358 1080 627 1137 sciuntur
671 1075 1126 1152 comprehendi,
1177 1076 1352 1135 modo
1389 1093 1557 1136 mens
1601 1078 1931 1138 delectetur
1963 1075 2114 1147 illis,
2173 1095 2313 1135 nam
2355 1077 2463 1138 de-

354 1177 597 1238 lectatio
634 1194 842 1237 secum
869 1178 1065 1236 lucem
1101 1176 1314 1254 habet,
1353 1174 1628 1255 quia‘est
1665 1196 1739 1238 ex
1778 1194 2014 1251 amore,
2072 1184 2131 1237 et
2163 1177 2316 1253 illis,
2366 1181 2467 1255 qui

355 1274 575 1338 amant
605 1278 752 1338 talia
800 1295 955 1355 quae
991 1278 1248 1338 Divinae
1297 1283 1359 1338 et
1407 1279 1690 1340 coelestis
1748 1280 2082 1355 sapientiae
2128 1286 2296 1354 sunt,
2359 1278 2464 1337 lux

355 1380 601 1456 affulget
626 1398 658 1437 e
696 1379 886 1448 coe10,
929 1384 989 1437 et
1022 1377 1344 1438 illustratio
1381 1384 1489 1438 est.

511 1483 673 1539 266.
739 1478 949 1556 Qualis
1000 1482 1296 1554 sapientia
1347 1479 1717 1557 Angelorum
1755 1486 1875 1556 est,
1936 1480 2210 1541 concludi
2264 1486 2467 1555 potest

353 1599 430 1641 ex
467 1598 538 1640 eo
577 1581 738 1656 quod
764 1583 826 1638 in
859 1579 1024 1639 Luce
1063 1579 1230 1639 Coeli
1257 1582 1409 1655 sint,
1466 1588 1527 1639 et
1560 1581 1695 1641 Lux
1733 1581 1900 1641 Coeli
1942 1584 2004 1640 in
2054 1599 2167 1640 sua
2203 1583 2466 1641 essentia

357 1687 453 1741 est
485 1681 770 1741 Divinum
805 1682 1029 1739 Verum
1072 1697 1181 1740 seu
1217 1682 1439 1741 Divina
1485 1680 1830 1758 Sapientia,
1900 1689 1961 1742 et
2003 1682 2156 1742 haec
2191 1682 2326 1741 Lux
2378 1684 2465 1741 si-

357 1782 481 1839 mul
515 1781 773 1840 illustrat
807 1785 1003 1840 visum
1042 1798 1243 1840 eorum
1280 1783 1578 1840 internum
1619 1786 1718 1858 qui
1756 1790 1847 1841 est
1874 1786 2086 1842 mentis
2105 1827 2121 1856 ,
2175 1791 2236 1842 et
2270 1784 2465 1841 visum

359 1899 563 1941 eorum
595 1890 901 1967 externum
940 1884 1043 1959 qui
1081 1889 1174 1940 est
1209 1880 1548 1959 oculorum3
1607 1883 1767 1959 quod
1801 1883 1933 1941 Lux
1973 1883 2140 1942 Coeli
2179 1885 2255 1941 sit
2288 1884 2465 1942 Divi-

355 2001 495 2042 num
532 1981 758 2042 Verum
793 2001 904 2042 seu
938 1984 1161 2042 Divina
1197 1981 1528 2060 Sapientia,
1567 1982 1843 2042 videatur
1869 2000 2058 2059 supra
2092 2002 2162 2042 n:
2209 1985 2344 2041 126
2386 1982 2465 2041 ad

359 2085 520 2143 133.
612 2082 765 2143 Sunt
828 2085 1004 2143 etiam
1059 2084 1278 2161 Angeli
1333 2085 1395 2141 in
1447 2085 1701 2144 coelesti
1756 2084 2008 2157 Calore,
2057 2085 2187 2165 ¹qui
2230 2086 2292 2142 in
2352 2101 2464 2168 sua

351 2187 617 2243 essentia
654 2192 748 2244 est
782 2185 1064 2244 Divinum
1100 2185 1330 2243 Bonum
1361 2201 1470 2244 seu
1505 2186 1763 2245 Divinus
1800 2185 2017 2261 Amor,
2068 2202 2145 2244 ex
2187 2203 2302 2262 quo
2338 2184 2459 2244 illis

348 2284 582 2344 affectio
627 2292 687 2344 et
724 2285 1087 2345 desiderium
1126 2287 1399 2362 sapiendi
1438 2292 1560 2363 est,
1632 2287 1791 2363 quod
1829 2287 2010 2347 Calor
2046 2286 2200 2346 coeli
2235 2290 2313 2345 sit
2346 2287 2461 2345 Di-

344 2388 546 2445 vinum
581 2386 816 2445 Bonum
853 2404 963 2446 seu
997 2387 1254 2446 Divinus
1289 2387 1492 2461 Amor,
1537 2387 1815 2447 videatur
1849 2404 2036 2464 supra
2069 2405 2141 2445 n:
2207 2389 2343 2446 133
2384 2386 2464 2444 ad

356 2488 514 2545 140.
602 2486 781 2564 Quod
825 2487 1044 2565 Angeli
1090 2490 1152 2546 in
1205 2491 1502 2566 sapientia
1550 2491 1695 2561 sint,
1761 2488 1911 2546 adeo
1961 2493 2028 2545 ut
2075 2486 2192 2544 dici
2240 2493 2465 2563 queant

348 2586 725 2665 Sapientiae,
782 2590 1055 2648 concludi
1090 2596 1293 2665 potest
1329 2607 1404 2649 ex
1441 2607 1545 2663 ee,
1611 2588 1771 2665 quod
1806 2605 2011 2647 omnes
2050 2605 2254 2647 eorum
2292 2590 2459 2664 cogi-

345 2688 606 2749 tation‘es
660 2695 720 2748 et
768 2689 1114 2750 affectiones
1167 2691 1372 2749 fluant'
1404 2689 1736 2749 secundum
1800 2690 2050 2748 formam
2118 2688 2460 2760 coelestem,

347 2807 502 2866 quae
538 2790 730 2860 forma
773 2797 866 2850 cst
901 2791 1094 2850 forma
1130 2791 1389 2850 Divinae
1430 2791 1805 2867 Sapientiae,
1861 2797 1922 2849 et
1973 2790 2134 2866 quod
2171 2791 2458 2849 interiora

342 2889 614 2962 illorum,
671 2909 824 2967 quae
861 2894 1218 2968 sapientiam
1245 2894 1568 2968 recipiunt,
1619 2891 1695 2950 ad
1722 2892 1888 2951 illam
1920 2892 2172 2950 sormam
2210 2906 2458 2966 compo-

341 2993 463 3051 sita
496 2993 643 3069 sint3
710 2992 871 3069 quod
912 2987 1276 3070 Angelorum
1324 2995 1717 3069 cogitationes
1771 2999 1832 3052 et
1880 2992 2223 3051 affectiones
2259 2992 2460 3049 fluant

284 3085 289 3090 ⁰
336 3091 675 3160 'secundum
718 3094 970 3153 sormam
1020 3094 1198 3167 coeli,
1274 3094 1522 3171 proinde
1575 3096 1754 3153 etiam
1804 3093 2202 3169 intelligentia
2253 3099 2312 3150 et
2352 3108 2458 3151 sa-

343 3194 571 3268 pientia
599 3211 824 3269 eorum,
863 3194 1140 3252 videatur
1168 3210 1353 3270 supra
1393 3213 1458 3254 n:
1503 3197 1633 3253 201
1682 3195 1759 3254 ad
1806 3197 1966 3253 212.
2025 3193 2203 3269 Quod
2239 3210 2457 3268 super-

345 3295 613 3352 eminens
664 3297 963 3371 sapientia
1011 3297 1090 3354 sit
1124 3294 1406 3371 Angelis,
1480 3298 1659 3355 eitam
1696 3275 1971 3355 constare
2009 3300 2212 3370 potest
2254 3310 2329 3352 ex
2368 3310 2459 3365 ee,

343 3393 504 3470 quod
550 3394 794 3471 loquela
846 3413 1051 3456 eorum
1098 3397 1177 3454 sit
1223 3398 1562 3472 sapientiae
1622 3395 1894 3473 loquela,
1965 3387 2095 3454 fluit
2142 3395 2301 3453 enim
2358 3394 2462 3451 illa

338 3494 682 3554 immediate
736 3503 798 3554 et
846 3502 1062 3572 sponte
1112 3513 1183 3554 ex
1242 3499 1637 3573 cogitatione,
1710 3505 1771 3554 et
1817 3496 1970 3554 haec
2009 3512 2084 3552 ex
2120 3493 2452 3568 affectione,

342 3596 432 3653 sic
468 3601 535 3653 ut
570 3595 810 3671 loquela
852 3614 1063 3656 eorum
1113 3598 1192 3654 sit
1229 3599 1513 3674 cogitatio
1552 3614 1626 3655 ex
1663 3596 1973 3655 affectione
2009 3597 2071 3652 in
2106 3596 2301 3652 forma
2345 3611 2456 3653 ex-

339 3702 549 3770 terna,
606 3696 741 3755 inde
790 3705 883 3757 est
919 3696 1079 3773 quod
1122 3696 1272 3755 nibil
1309 3715 1412 3756 eos
1466 3696 1543 3755 ab
1590 3696 1818 3754 influxu
1854 3696 2075 3754 Divino
2127 3694 2455 3771 abstrahat,

339 3801 403 3854 et
442 3812 561 3855 non
607 3796 833 3873 aliquid
887 3805 1259 3880 externum„
1291 3797 1453 3874 quod
1502 3796 1665 3872 apud
1713 3795 2014 3855 hominem
2053 3797 2113 3854 in
2154 3796 2459 3872 loquelam

339 3895 471 3972 ejus
509 3913 585 3957 ex
620 3897 754 3957 aliis
791 3896 1251 3976 cogitationibus
1289 3899 1538 3956 insertur
1549 3917 1566 3973 3
1622 3897 1782 3973 quod
1818 3896 2185 3972 Angelorum
2214 3896 2458 3974 loquela

335 3997 419 4055 sit
478 3996 724 4073 loquela
783 4001 1160 4077 cogitationis
1221 4003 1282 4057 et
1341 3979 1671 4058 affectionis
1731 4016 1972 4072 eorum,
2056 3999 2334 4058 videatur
2384 4015 2454 4055 n:

342 4096 484 4155 234
528 4096 607 4156 ad
648 4100 811 4159 245.
903 4099 1005 4159 Ad
1062 4099 1246 4159 talem
1295 4098 1666 4177 Angelorum
1726 4100 2083 4176 sapientiam
2153 4098 2457 4174 conspirat

336 4213 576 4274 quoque
605 4198 693 4275 id,
746 4201 907 4277 quod
953 4200 1151 4260 omnia
1203 4217 1359 4277 quae
1407 4200 1597 4260 oculis
1639 4201 1847 4261 vident
1896 4207 1956 4258 et
1992 4200 2269 4259 sensibus
2306 4214 2452 4275 per-

335 4299 590 4375 cipiunt,
645 4300 1004 4361 concordent
1051 4302 1382 4377 sapientiae
1432 4319 1671 4377 eorum,
1737 4302 2026 4376 quoniam
2082 4314 2445 4373 correspon-
