3013 5114
940 421 1034 475 ns
1077 421 1456 478 consuens.
1490 422 1565 482 IN
1608 423 1865 511 costo.
2368 438 2478 490 219

361 589 453 642 εει
493 580 751 640 actualis
788 580 1158 657 conjunctio,
1213 584 1397 641 intrat
1432 584 1591 641 enim
1627 582 1906 643 voluntas
1961 586 2164 643 uxoris
2203 587 2264 644 in
2298 587 2479 647 intel-

354 682 576 741 lectum
615 682 848 756 mariti,
901 688 967 739 et
1001 681 1347 742 intellectus
1384 685 1580 742 mariti
1618 685 1681 742 in
1726 683 2095 743 voluntatem
2131 688 2365 763 uxoris,
2421 695 2483 748 et

351 783 467 843 hoc
500 783 794 859 imprimis
838 799 975 842 cum
1010 798 1078 842 se
1116 790 1396 860 spectant
1437 783 1594 844 facie
1632 783 1710 843 ad
1749 785 2001 859 saciem3
2036 802 2176 844 nam
2200 792 2480 863 utsupra

352 885 602 960 saepius
639 881 860 942 dictum
891 889 1003 955 est,
1036 890 1130 942 cst
1159 885 1621 944 communicatio
1651 884 2070 960 cogitationum
2115 892 2177 944 ει
2209 886 2479 948 affectio-

351 1000 494 1041 num
538 985 600 1041 in
657 982 888 1052 Coelis‚
942 985 1134 1060 magis
1187 984 1459 1061 conjugis
1510 1001 1646 1043 cum
1690 985 1943 1062 conjuge
1986 988 2126 1062 quia
2164 1002 2232 1065 se
2271 995 2478 1047 mutuo

355 1090 573 1142 amant.
652 1083 742 1141 Ex
787 1083 881 1141 his
933 1090 1208 1144 constare
1260 1090 1490 1162 potest,
1548 1084 1742 1161 qualis
1791 1092 1885 1144 εει
1928 1087 2264 1163 conjunctio
2302 1106 2473 1148 men-

313 1250 316 1253 ,
352 1185 528 1253 tium,
582 1200 739 1260 quae
775 1185 918 1242 facit
966 1185 1308 1261 conjugium
1319 1220 1344 1258 ,-
1378 1190 1438 1243 ει
1472 1185 1750 1262 producit
1784 1202 2045 1244 amorem
2084 1186 2478 1262 conjugialem

347 1286 409 1343 in
448 1283 684 1359 coelis,
742 1283 901 1360 quod
938 1301 1154 1361 nempe
1192 1287 1301 1360 sit,
1359 1284 1519 1361 quod
1557 1302 1713 1344 unus
1752 1285 1897 1363 velit
1932 1293 1999 1344 ut
2034 1302 2145 1344 sua
2170 1289 2287 1344 sint
2322 1287 2478 1347 alte-

345 1387 504 1455 riuS,
559 1391 620 1442 et
661 1386 758 1442 sic
797 1385 1123 1460 reciproce.

510 1485 674 1544 370.
759 1484 999 1544 Dictum
1042 1485 1185 1544 mihi
1230 1492 1322 1544 est
1358 1485 1434 1545 ab
1486 1485 1768 1563 Angelis,
1827 1486 1987 1564 quod
2036 1492 2316 1563 quantum
2358 1486 2476 1547 duo

346 1586 635 1661 conjuges
685 1587 747 1642 in
797 1584 903 1642 tali
939 1586 1356 1662 conjunctione
1395 1594 1568 1661 sunt,
1625 1594 1853 1646 tantum
1899 1589 1959 1645 in
2010 1605 2212 1646 amore
2262 1588 2472 1664 conju-

349 1684 492 1761 giali
528 1687 676 1758 sint,
734 1692 794 1742 et
828 1686 1005 1743 simul
1051 1693 1279 1745 tantum
1321 1686 1850 1763 iwintelligentia,
1906 1690 2205 1763 sapientia
2242 1695 2299 1746 ει
2334 1688 2472 1747 feli-

347 1787 562 1854 citate,
621 1802 695 1843 ex
731 1801 917 1844 causa
967 1788 1111 1862 quia
1157 1786 1443 1846 Divinum
1485 1787 1712 1846 Verum
1769 1805 1840 1847 ac
1886 1789 2172 1846 Divinum
2216 1788 2470 1861 Bonum,

346 1902 424 1944 ex
462 1884 681 1961 quibus
721 1886 908 1943 omnis
959 1877 1383 1962 intelligentia,
1449 1889 1750 1964 sapientia
1801 1894 1860 1946 et
1896 1887 2186 1962 felicitas»,
2242 1890 2468 1964 princi-

343 1984 565 2062 paliter
612 1986 801 2044 influit
852 1987 910 2042 in
964 2004 1225 2045 amorem
1281 1987 1711 2065 conjugialem,
1778 1987 2026 2062 proinde
2091 1988 2471 2064 quodxamor

341 2085 699 2162 conjugialis
736 2089 814 2145 sit
853 2088 1051 2163 ipsum
1109 2088 1351 2162 planum
1388 2089 1649 2146 influxus
1697 2087 1919 2159 Divini,
1962 2091 2102 2162 quia
2154 2088 2333 2147 simul
2374 2094 2469 2147 est

252 2254 255 2258 Α
341 2187 682 2264 conjugium
716 2189 846 2245 veri
887 2192 947 2246 et
979 2187 1149 2262 boni3
1203 2205 1342 2246 nam
1382 2190 1541 2247 sicut
1596 2195 1689 2247 est
1743 2189 2077 2265 conjunctio
2128 2184 2468 2249 intellectus

339 2298 401 2346 ει
427 2286 772 2361 voluntatis,
811 2288 896 2344 ita
933 2304 1171 2364 quoque
1210 2296 1305 2347 est
1341 2288 1682 2365 conjunctio
1719 2291 1849 2347 veri
1885 2295 1944 2347 ει
1978 2286 2137 2364 boni,
2188 2291 2469 2366 quoniam

334 2386 686 2447 Intellectus
722 2389 940 2463 recipit
975 2386 1263 2446 Divinum
1300 2386 1563 2462 Verum,
1617 2387 1914 2447 formatur
1954 2391 2134 2448 etiam
2170 2407 2244 2449 ex
2280 2390 2471 2459 veriS,

341 2493 403 2548 ει
441 2487 743 2546 Voluntas
777 2490 993 2566 recipit
1038 2488 1325 2547 Divinum
1360 2489 1625 2561 Bonum,
1688 2495 1747 2547 et
1794 2505 2030 2565 quoque
2067 2490 2355 2547 formatur
2393 2505 2467 2546 ex

338 2587 538 2663 bonis3
597 2588 758 2665 quod
795 2592 949 2648 enim
986 2589 1117 2647 vult
1151 2589 1333 2649 homo
1369 2589 1484 2648 hoc
1537 2590 1592 2648 ei
1637 2589 1859 2648 bonum
1890 2594 2022 2658 εει,
2069 2595 2130 2646 ει
2177 2588 2336 2664 quod
2370 2590 2465 2646 in-

340 2687 554 2764 telligit
585 2688 700 2748 hoc
737 2691 792 2748 ei
827 2707 1037 2748 verum
1080 2694 1210 2765 est3
1250 2689 1388 2748 inde
1425 2695 1550 2764 est,
1594 2688 1753 2764 quod
1791 2688 1949 2747 idem
1989 2691 2097 2763 sit,
2136 2690 2262 2747 sive
2301 2686 2467 2746 dicas

338 2790 813 2866 conjunctionem
842 2790 1186 2849 intellectus
1234 2795 1296 2850 et
1329 2789 1687 2857 voluntatis,
1725 2791 1853 2847 sive
1892 2788 2056 2847 dicas
2095 2788 2465 2865 conjunctio-

336 2907 473 2949 nem
503 2891 632 2947 veri
659 2897 719 2948 et
745 2890 904 2948 boni.
945 2889 1298 2968 conjunctio
1325 2891 1457 2949 veri
1475 2896 1538 2950 et
1556 2888 1697 2946 boni
1715 2888 1859 2947 facit
1877 2889 2192 2966 Angelum,
2223 2896 2284 2947 et
2311 2904 2463 2964 quo·

339 3005 456 3065 que
493 2989 624 3065 ejus
659 2990 1132 3067 intelligentiam,
1169 2991 1557 3067 sapientiam,
1599 2995 1659 3046 et
1695 2989 2076 3063 felicitatem,
2132 2989 2269 3047 talis
2309 2991 2466 3047 enim

335 3096 430 3148 est
467 3088 775 3165 Angelus,
830 3093 989 3149 sicut
1023 3090 1245 3148 bonum
1284 3091 1444 3165 apud
1482 3089 1648 3147 illum
1682 3090 2062 3166 conjunctum
2095 3098 2187 3147 est
2214 3105 2356 3148 vero
2394 3105 2465 3146 ac

331 3206 541 3249 verum
593 3188 779 3265 bon03
834 3207 945 3249 seu
983 3190 1142 3266 quod
1177 3190 1369 3263 idem,
1442 3190 1580 3248 talis
1636 3197 1728 3247 est
1777 3182 2047 3266 Angelus
2094 3192 2251 3249 sicut
2296 3187 2462 3263 apud

325 3289 493 3347 illum
524 3306 691 3349 amor
718 3291 1071 3367 conjunctus
1110 3297 1204 3349 est
1240 3289 1412 3364 fidei,
1470 3307 1542 3348 ac
1577 3289 1725 3347 fides
1765 3290 2086 3366 conjuncta
2129 3289 2332 3346 amori.

490 3390 651 3448 371.
726 3390 902 3465 Quod
941 3391 1228 3449 Divinum
1273 3390 1609 3466 procedens
1661 3407 1698 3447 a
1743 3385 2457 3465 Domino'principaliter

330 3489 540 3547 influat
593 3492 654 3547 in
715 3507 979 3549 amorem
1022 3490 1459 3567 conjugialem,
1519 3496 1612 3548 est
1666 3489 1806 3565 quia
1836 3489 2048 3550 ,Amor
2106 3485 2457 3562 conjugialis

334 3587 647 3646 descendit
677 3604 750 3647 ex
789 3591 1202 3667 conjunctione
1241 3591 1380 3649 boni
1418 3595 1478 3648 et
1503 3590 1662 3657 veri,
1696 3605 1867 3662 nam,
1914 3593 1978 3645 ut
2013 3603 2201 3662 supra
2235 3585 2459 3645 dictum

332 3693 461 3757 est,
521 3690 652 3750 sive
699 3687 863 3747 dicas
904 3691 1377 3767 conjunctionem
1415 3688 1760 3748 intellectus
1802 3693 1863 3746 et
1915 3686 2271 3759 voluntatis,
2328 3688 2458 3745 sive

327 3787 813 3865 conjunctionem
851 3787 989 3850 boni
1030 3797 1089 3849 ει
1125 3792 1272 3859 veri,
1306 3789 1465 3848 idem
1503 3795 1627 3846 est:
1682 3762 2021 3864 conjunctio
2058 3786 2198 3846 boni
2236 3794 2295 3844 et
2328 3789 2460 3846 veri

328 3887 494 3947 ducit
534 3889 825 3966 originem
862 3907 937 3948 ex
981 3889 1200 3949 Divino
1249 3890 1472 3948 Amore
1522 3888 1761 3947 Domini
1811 3905 1956 3963 erga
2003 3904 2209 3946 omnes
2263 3888 2458 3963 quiin

328 3984 529 4046 Coelis
570 3995 743 4064 sunt,
785 3995 846 4048 et
877 3991 937 4048 in
974 3991 1182 4049 terris:
1240 4008 1316 4048 ex
1339 3989 1573 4049 ‘Divino
1610 3981 1828 4049 Amore
1866 3986 2139 4065 procedit
2172 3988 2457 4047 Divinum

325 4084 593 4158 Bonum,
640 4106 712 4149 ae
737 4089 1021 4149 Divinum
1047 4089 1281 4148 Bonum
1318 4091 1605 4165 recipitur
1642 4088 1718 4147 ab
1756 4088 2008 4164 Angelis
2040 4095 2100 4148 et
2127 4084 2210 4146 ab'
2239 4087 2455 4145 Homi-

323 4184 502 4245 nibus
538 4189 596 4245 in
631 4188 865 4249 Divinis
903 4185 1095 4262 veris',
1151 4189 1349 4248 solum
1402 4189 1854 4265 receptaculum
1897 4188 2036 4246 boni
2073 4193 2168 4246 est
2208 4204 2454 4258 verum3

323 4294 692 4365 quapropter
721 4305 758 4348 a
785 4289 951 4349 nullo
979 4290 1168 4367 recipi
1202 4297 1408 4367 potest
1450 4288 1678 4366 aliquid
1713 4306 1749 4346 a
1787 4287 2045 4346 Domino
2092 4293 2151 4375 et
2191 4304 2222 4344 ε
2265 4283 2451 4356 coelo,
