<?xml version="1.0" encoding="UTF-8"?>
<!DOCTYPE html PUBLIC "-//W3C//DTD XHTML 1.0 Transitional//EN"
    "http://www.w3.org/TR/xhtml1/DTD/xhtml1-transitional.dtd">
<html xmlns="http://www.w3.org/1999/xhtml" xml:lang="en" lang="en">
 <head>
  <title>
</title>
<meta http-equiv="Content-Type" content="text/html;charset=utf-8" />
  <meta name='ocr-system' content='tesseract 3.04.00' />
  <meta name='ocr-capabilities' content='ocr_page ocr_carea ocr_par ocr_line ocrx_word'/>
</head>
<body>
  <div class='ocr_page' id='page_1' title='image "./decoeloetejusmi00tafegoog_0380.png"; bbox 0 0 3013 5114; ppageno 0'>
   <div class='ocr_carea' id='block_1_1' title="bbox 568 429 2072 502">
    <p class='ocr_par' dir='ltr' id='par_1_1' title="bbox 568 429 2072 502">
     <span class='ocr_line' id='line_1_1' title="bbox 568 429 2072 502; baseline -0.008 -1"><span class='ocrx_word' id='word_1_1' title='bbox 568 449 677 502; x_wconf 77' lang='lat'><strong>374</strong></span> <span class='ocrx_word' id='word_1_2' title='bbox 1180 434 1279 487; x_wconf 90' lang='lat' dir='ltr'><strong>DE</strong></span> <span class='ocrx_word' id='word_1_3' title='bbox 1318 431 1555 488; x_wconf 77' lang='lat' dir='ltr'>COELO</span> <span class='ocrx_word' id='word_1_4' title='bbox 1597 430 1691 485; x_wconf 89' lang='lat' dir='ltr'><strong>ET</strong></span> <span class='ocrx_word' id='word_1_5' title='bbox 1731 429 2072 489; x_wconf 80' lang='lat' dir='ltr'><strong>INFERNO.</strong></span> 
     </span>
    </p>
   </div>
   <div class='ocr_carea' id='block_1_2' title="bbox 567 591 2724 2972">
    <p class='ocr_par' dir='ltr' id='par_1_2' title="bbox 568 591 2709 874">
     <span class='ocr_line' id='line_1_2' title="bbox 573 591 2709 667; baseline -0.004 -11"><span class='ocrx_word' id='word_1_6' title='bbox 573 597 825 658; x_wconf 79' lang='lat' dir='ltr'><strong>insernIs</strong></span> <span class='ocrx_word' id='word_1_7' title='bbox 860 594 1174 654; x_wconf 87' lang='lat' dir='ltr'><strong>domantur</strong></span> <span class='ocrx_word' id='word_1_8' title='bbox 1209 592 1498 667; x_wconf 88' lang='lat' dir='ltr'><strong>insultus,</strong></span> <span class='ocrx_word' id='word_1_9' title='bbox 1551 598 1612 652; x_wconf 90' lang='lat' dir='ltr'><strong>et</strong></span> <span class='ocrx_word' id='word_1_10' title='bbox 1647 597 1928 651; x_wconf 88' lang='lat' dir='ltr'><strong>areentur</strong></span> <span class='ocrx_word' id='word_1_11' title='bbox 1952 591 2244 649; x_wconf 86' lang='lat' dir='ltr'><strong>saevitiae</strong></span> <span class='ocrx_word' id='word_1_12' title='bbox 2279 606 2356 648; x_wconf 90' lang='lat' dir='ltr'><strong>ne</strong></span> <span class='ocrx_word' id='word_1_13' title='bbox 2382 594 2709 667; x_wconf 74' lang='lat' dir='ltr'><strong>erumpant</strong></span> 
     </span>
     <span class='ocr_line' id='line_1_3' title="bbox 570 690 2700 768; baseline -0.004 -10"><span class='ocrx_word' id='word_1_14' title='bbox 570 705 781 759; x_wconf 87' lang='lat' dir='ltr'><strong>eontra</strong></span> <span class='ocrx_word' id='word_1_15' title='bbox 827 713 895 755; x_wconf 89' lang='lat' dir='ltr'><strong>se</strong></span> <span class='ocrx_word' id='word_1_16' title='bbox 933 695 1190 754; x_wconf 85' lang='lat' dir='ltr'><strong>invicem</strong></span> <span class='ocrx_word' id='word_1_17' title='bbox 1243 693 1327 752; x_wconf 90' lang='lat' dir='ltr'><strong>ibi</strong></span> <span class='ocrx_word' id='word_1_18' title='bbox 1368 692 1529 752; x_wconf 91' lang='lat' dir='ltr'><strong>ultra</strong></span> <span class='ocrx_word' id='word_1_19' title='bbox 1574 692 1846 768; x_wconf 82' lang='lat' dir='ltr'><strong>modum3</strong></span> <span class='ocrx_word' id='word_1_20' title='bbox 1901 690 2064 768; x_wconf 87' lang='lat' dir='ltr'><strong>quod</strong></span> <span class='ocrx_word' id='word_1_21' title='bbox 2104 692 2285 751; x_wconf 86' lang='lat' dir='ltr'><strong>etiam</strong></span> <span class='ocrx_word' id='word_1_22' title='bbox 2330 690 2397 750; x_wconf 85' lang='lat' dir='ltr'><strong>fit</strong></span> <span class='ocrx_word' id='word_1_23' title='bbox 2447 708 2556 768; x_wconf 90' lang='lat' dir='ltr'><strong>per</strong></span> <span class='ocrx_word' id='word_1_24' title='bbox 2600 692 2700 749; x_wconf 88' lang='lat' dir='ltr'><strong>in-</strong></span> 
     </span>
     <span class='ocr_line' id='line_1_4' title="bbox 568 793 1719 874; baseline -0.007 -15"><span class='ocrx_word' id='word_1_25' title='bbox 568 816 820 859; x_wconf 89' lang='lat' dir='ltr'><strong>numera</strong></span> <span class='ocrx_word' id='word_1_26' title='bbox 857 796 1165 874; x_wconf 87' lang='lat' dir='ltr'><strong>potentiae</strong></span> <span class='ocrx_word' id='word_1_27' title='bbox 1188 795 1466 854; x_wconf 85' lang='lat' dir='ltr'><strong>-Divinae</strong></span> <span class='ocrx_word' id='word_1_28' title='bbox 1503 793 1719 853; x_wconf 85' lang='lat' dir='ltr'><strong>media.</strong></span> 
     </span>
    </p>

    <p class='ocr_par' dir='ltr' id='par_1_3' title="bbox 567 892 2724 2972">
     <span class='ocr_line' id='line_1_5' title="bbox 731 892 2705 972; baseline -0.003 -15"><span class='ocrx_word' id='word_1_29' title='bbox 731 898 892 958; x_wconf 83' lang='lat'><strong>596.</strong></span> <span class='ocrx_word' id='word_1_30' title='bbox 943 895 1099 956; x_wconf 86' lang='lat' dir='ltr'><strong>Sunt</strong></span> <span class='ocrx_word' id='word_1_31' title='bbox 1124 895 1244 956; x_wconf 86' lang='lat' dir='ltr'><strong>duo</strong></span> <span class='ocrx_word' id='word_1_32' title='bbox 1272 896 1501 972; x_wconf 87' lang='lat' dir='ltr'><strong>Regna,</strong></span> <span class='ocrx_word' id='word_1_33' title='bbox 1535 896 1592 953; x_wconf 88' lang='lat' dir='ltr'><strong>in</strong></span> <span class='ocrx_word' id='word_1_34' title='bbox 1622 912 1776 970; x_wconf 88' lang='lat' dir='ltr'><strong>quae</strong></span> <span class='ocrx_word' id='word_1_35' title='bbox 1807 892 1976 954; x_wconf 85' lang='lat' dir='ltr'><strong>Coeli</strong></span> <span class='ocrx_word' id='word_1_36' title='bbox 2003 892 2267 953; x_wconf 83' lang='lat' dir='ltr'><strong>distincti</strong></span> <span class='ocrx_word' id='word_1_37' title='bbox 2294 897 2453 968; x_wconf 88' lang='lat' dir='ltr'><strong>sunt,</strong></span> <span class='ocrx_word' id='word_1_38' title='bbox 2482 909 2705 970; x_wconf 86' lang='lat' dir='ltr'><strong>nempe</strong></span> 
     </span>
     <span class='ocr_line' id='line_1_6' title="bbox 567 993 2707 1077; baseline -0.005 -16"><span class='ocrx_word' id='word_1_39' title='bbox 567 1000 847 1077; x_wconf 82' lang='lat' dir='ltr'><strong>Regnum</strong></span> <span class='ocrx_word' id='word_1_40' title='bbox 883 997 1162 1058; x_wconf 78' lang='lat' dir='ltr'><strong>coeleste</strong></span> <span class='ocrx_word' id='word_1_41' title='bbox 1211 1003 1274 1057; x_wconf 85' lang='lat' dir='ltr'><strong>et</strong></span> <span class='ocrx_word' id='word_1_42' title='bbox 1309 996 1588 1073; x_wconf 82' lang='lat' dir='ltr'>Regnum</span> <span class='ocrx_word' id='word_1_43' title='bbox 1636 994 1987 1072; x_wconf 79' lang='lat' dir='ltr'><strong>spirituale,</strong></span> <span class='ocrx_word' id='word_1_44' title='bbox 2044 994 2118 1053; x_wconf 93' lang='lat' dir='ltr'><strong>de</strong></span> <span class='ocrx_word' id='word_1_45' title='bbox 2156 994 2373 1070; x_wconf 87' lang='lat' dir='ltr'><strong>quibus</strong></span> <span class='ocrx_word' id='word_1_46' title='bbox 2423 993 2707 1055; x_wconf 83' lang='lat' dir='ltr'><strong>videatur</strong></span> 
     </span>
     <span class='ocr_line' id='line_1_7' title="bbox 569 1094 2709 1178; baseline -0.003 -18"><span class='ocrx_word' id='word_1_47' title='bbox 569 1118 758 1178; x_wconf 86' lang='lat' dir='ltr'><strong>supra</strong></span> <span class='ocrx_word' id='word_1_48' title='bbox 790 1118 861 1158; x_wconf 85' lang='lat' dir='ltr'><strong>n:</strong></span> <span class='ocrx_word' id='word_1_49' title='bbox 905 1103 996 1160; x_wconf 82' lang='lat'><strong>20</strong></span> <span class='ocrx_word' id='word_1_50' title='bbox 1028 1097 1105 1157; x_wconf 85' lang='lat' dir='ltr'><strong>ad</strong></span> <span class='ocrx_word' id='word_1_51' title='bbox 1136 1100 1264 1174; x_wconf 80' lang='lat'><strong>283</strong></span> <span class='ocrx_word' id='word_1_52' title='bbox 1303 1097 1580 1156; x_wconf 90' lang='lat' dir='ltr'><strong>similiter</strong></span> <span class='ocrx_word' id='word_1_53' title='bbox 1614 1102 1754 1155; x_wconf 89' lang='lat' dir='ltr'><strong>sunt</strong></span> <span class='ocrx_word' id='word_1_54' title='bbox 1785 1095 1903 1155; x_wconf 86' lang='lat' dir='ltr'><strong>duo</strong></span> <span class='ocrx_word' id='word_1_55' title='bbox 1931 1096 2144 1173; x_wconf 89' lang='lat' dir='ltr'><strong>Regna</strong></span> <span class='ocrx_word' id='word_1_56' title='bbox 2171 1097 2231 1153; x_wconf 90' lang='lat' dir='ltr'><strong>in</strong></span> <span class='ocrx_word' id='word_1_57' title='bbox 2271 1111 2426 1170; x_wconf 90' lang='lat' dir='ltr'><strong>quae</strong></span> <span class='ocrx_word' id='word_1_58' title='bbox 2458 1094 2709 1154; x_wconf 78' lang='lat' dir='ltr'><strong>Inferna</strong></span> 
     </span>
     <span class='ocr_line' id='line_1_8' title="bbox 573 1196 2704 1274; baseline -0.003 -13"><span class='ocrx_word' id='word_1_59' title='bbox 573 1201 855 1261; x_wconf 82' lang='lat' dir='ltr'><strong>distincta</strong></span> <span class='ocrx_word' id='word_1_60' title='bbox 896 1205 1068 1274; x_wconf 86' lang='lat' dir='ltr'><strong>sunt,</strong></span> <span class='ocrx_word' id='word_1_61' title='bbox 1120 1217 1306 1257; x_wconf 90' lang='lat' dir='ltr'><strong>unum</strong></span> <span class='ocrx_word' id='word_1_62' title='bbox 1339 1198 1553 1257; x_wconf 88' lang='lat' dir='ltr'><strong>horum</strong></span> <span class='ocrx_word' id='word_1_63' title='bbox 1594 1196 1941 1274; x_wconf 77' lang='lat' dir='ltr'>Regnorum</span> <span class='ocrx_word' id='word_1_64' title='bbox 1976 1204 2070 1257; x_wconf 90' lang='lat' dir='ltr'><strong>est</strong></span> <span class='ocrx_word' id='word_1_65' title='bbox 2111 1198 2452 1273; x_wconf 90' lang='lat' dir='ltr'><strong>oppositum</strong></span> <span class='ocrx_word' id='word_1_66' title='bbox 2488 1196 2704 1271; x_wconf 89' lang='lat' dir='ltr'><strong>Regno</strong></span> 
     </span>
     <span class='ocr_line' id='line_1_9' title="bbox 573 1295 2707 1375; baseline -0.004 -13"><span class='ocrx_word' id='word_1_67' title='bbox 573 1301 872 1373; x_wconf 86' lang='lat' dir='ltr'><strong>Coelesti‚</strong></span> <span class='ocrx_word' id='word_1_68' title='bbox 938 1308 1002 1361; x_wconf 89' lang='lat' dir='ltr'><strong>et</strong></span> <span class='ocrx_word' id='word_1_69' title='bbox 1043 1301 1299 1360; x_wconf 87' lang='lat' dir='ltr'><strong>alterum</strong></span> <span class='ocrx_word' id='word_1_70' title='bbox 1345 1306 1440 1359; x_wconf 91' lang='lat' dir='ltr'><strong>est</strong></span> <span class='ocrx_word' id='word_1_71' title='bbox 1488 1301 1831 1375; x_wconf 87' lang='lat' dir='ltr'><strong>oppositum</strong></span> <span class='ocrx_word' id='word_1_72' title='bbox 1885 1297 2097 1375; x_wconf 83' lang='lat' dir='ltr'><strong>Regno</strong></span> <span class='ocrx_word' id='word_1_73' title='bbox 2155 1295 2480 1373; x_wconf 77' lang='lat' dir='ltr'><strong>spirituali:</strong></span> <span class='ocrx_word' id='word_1_74' title='bbox 2549 1296 2707 1355; x_wconf 78' lang='lat' dir='ltr'><strong>illud</strong></span> 
     </span>
     <span class='ocr_line' id='line_1_10' title="bbox 572 1397 2704 1480; baseline -0.003 -18"><span class='ocrx_word' id='word_1_75' title='bbox 572 1403 734 1480; x_wconf 85' lang='lat' dir='ltr'><strong>quod</strong></span> <span class='ocrx_word' id='word_1_76' title='bbox 773 1404 1115 1480; x_wconf 87' lang='lat' dir='ltr'><strong>oppositum</strong></span> <span class='ocrx_word' id='word_1_77' title='bbox 1156 1407 1250 1461; x_wconf 90' lang='lat' dir='ltr'><strong>est</strong></span> <span class='ocrx_word' id='word_1_78' title='bbox 1294 1399 1506 1476; x_wconf 88' lang='lat' dir='ltr'><strong>Regno</strong></span> <span class='ocrx_word' id='word_1_79' title='bbox 1552 1399 1802 1458; x_wconf 85' lang='lat' dir='ltr'><strong>coelesti</strong></span> <span class='ocrx_word' id='word_1_80' title='bbox 1852 1405 1944 1458; x_wconf 91' lang='lat' dir='ltr'><strong>est</strong></span> <span class='ocrx_word' id='word_1_81' title='bbox 1991 1401 2052 1457; x_wconf 89' lang='lat' dir='ltr'><strong>in</strong></span> <span class='ocrx_word' id='word_1_82' title='bbox 2084 1398 2278 1474; x_wconf 82' lang='lat' dir='ltr'>Plaga</span> <span class='ocrx_word' id='word_1_83' title='bbox 2325 1397 2704 1471; x_wconf 81' lang='lat' dir='ltr'><strong>occidentali,</strong></span> 
     </span>
     <span class='ocr_line' id='line_1_11' title="bbox 574 1497 2704 1579; baseline -0.004 -16"><span class='ocrx_word' id='word_1_84' title='bbox 574 1509 637 1563; x_wconf 87' lang='lat' dir='ltr'><strong>et</strong></span> <span class='ocrx_word' id='word_1_85' title='bbox 668 1503 787 1579; x_wconf 88' lang='lat' dir='ltr'><strong>illi,</strong></span> <span class='ocrx_word' id='word_1_86' title='bbox 838 1505 941 1579; x_wconf 90' lang='lat' dir='ltr'><strong>qui</strong></span> <span class='ocrx_word' id='word_1_87' title='bbox 973 1502 1058 1562; x_wconf 91' lang='lat' dir='ltr'><strong>ibi</strong></span> <span class='ocrx_word' id='word_1_88' title='bbox 1096 1507 1270 1575; x_wconf 86' lang='lat' dir='ltr'><strong>sunt,</strong></span> <span class='ocrx_word' id='word_1_89' title='bbox 1325 1506 1618 1560; x_wconf 84' lang='lat' dir='ltr'><strong>vocantur</strong></span> <span class='ocrx_word' id='word_1_90' title='bbox 1656 1499 1833 1560; x_wconf 84' lang='lat' dir='ltr'><strong>Genii</strong></span> <span class='ocrx_word' id='word_1_91' title='bbox 1845 1520 1862 1577; x_wconf 84' lang='lat'><em>3</em></span> <span class='ocrx_word' id='word_1_92' title='bbox 1916 1499 1979 1558; x_wconf 86' lang='lat' dir='ltr'><strong>id</strong></span> <span class='ocrx_word' id='word_1_93' title='bbox 2014 1505 2218 1559; x_wconf 84' lang='lat' dir='ltr'><strong>autem</strong></span> <span class='ocrx_word' id='word_1_94' title='bbox 2254 1497 2416 1574; x_wconf 86' lang='lat' dir='ltr'><strong>quod</strong></span> <span class='ocrx_word' id='word_1_95' title='bbox 2452 1499 2704 1575; x_wconf 88' lang='lat' dir='ltr'><strong>opposi-</strong></span> 
     </span>
     <span class='ocr_line' id='line_1_12' title="bbox 572 1599 2706 1679; baseline -0.002 -17"><span class='ocrx_word' id='word_1_96' title='bbox 572 1608 701 1662; x_wconf 84' lang='lat' dir='ltr'><strong>tum</strong></span> <span class='ocrx_word' id='word_1_97' title='bbox 743 1610 837 1662; x_wconf 89' lang='lat' dir='ltr'><strong>est</strong></span> <span class='ocrx_word' id='word_1_98' title='bbox 870 1603 1080 1678; x_wconf 87' lang='lat' dir='ltr'><strong>Regno</strong></span> <span class='ocrx_word' id='word_1_99' title='bbox 1117 1601 1415 1679; x_wconf 80' lang='lat' dir='ltr'><strong>spirituali</strong></span> <span class='ocrx_word' id='word_1_100' title='bbox 1456 1606 1551 1661; x_wconf 88' lang='lat' dir='ltr'><strong>est</strong></span> <span class='ocrx_word' id='word_1_101' title='bbox 1589 1602 1651 1659; x_wconf 91' lang='lat' dir='ltr'><strong>in</strong></span> <span class='ocrx_word' id='word_1_102' title='bbox 1692 1600 1886 1676; x_wconf 83' lang='lat' dir='ltr'>Plaga</span> <span class='ocrx_word' id='word_1_103' title='bbox 1923 1599 2383 1678; x_wconf 81' lang='lat' dir='ltr'><strong>septentrionali</strong></span> <span class='ocrx_word' id='word_1_104' title='bbox 2418 1605 2479 1659; x_wconf 89' lang='lat' dir='ltr'><strong>et</strong></span> <span class='ocrx_word' id='word_1_105' title='bbox 2516 1601 2706 1658; x_wconf 90' lang='lat' dir='ltr'><strong>meri-</strong></span> 
     </span>
     <span class='ocr_line' id='line_1_13' title="bbox 579 1698 2711 1786; baseline -0.001 -24"><span class='ocrx_word' id='word_1_106' title='bbox 579 1703 830 1778; x_wconf 86' lang='lat' dir='ltr'><strong>dionali,</strong></span> <span class='ocrx_word' id='word_1_107' title='bbox 880 1710 940 1763; x_wconf 89' lang='lat' dir='ltr'><strong>et</strong></span> <span class='ocrx_word' id='word_1_108' title='bbox 984 1702 1097 1774; x_wconf 88' lang='lat' dir='ltr'><strong>illi,</strong></span> <span class='ocrx_word' id='word_1_109' title='bbox 1146 1705 1250 1786; x_wconf 85' lang='lat' dir='ltr'><strong>qui</strong></span> <span class='ocrx_word' id='word_1_110' title='bbox 1294 1702 1378 1762; x_wconf 89' lang='lat' dir='ltr'><strong>ibi</strong></span> <span class='ocrx_word' id='word_1_111' title='bbox 1427 1706 1603 1772; x_wconf 78' lang='lat' dir='ltr'><strong>sunt,&#39;</strong></span> <span class='ocrx_word' id='word_1_112' title='bbox 1645 1707 1937 1760; x_wconf 85' lang='lat' dir='ltr'><strong>vocantur</strong></span> <span class='ocrx_word' id='word_1_113' title='bbox 1974 1701 2254 1779; x_wconf 82' lang='lat' dir='ltr'><strong>Spiritus.</strong></span> <span class='ocrx_word' id='word_1_114' title='bbox 2337 1698 2562 1760; x_wconf 84' lang='lat' dir='ltr'><strong>Omnes</strong></span> <span class='ocrx_word' id='word_1_115' title='bbox 2600 1702 2711 1777; x_wconf 91' lang='lat' dir='ltr'><strong>qui</strong></span> 
     </span>
     <span class='ocr_line' id='line_1_14' title="bbox 577 1801 2711 1881; baseline -0.001 -18"><span class='ocrx_word' id='word_1_116' title='bbox 577 1807 639 1863; x_wconf 90' lang='lat' dir='ltr'><strong>in</strong></span> <span class='ocrx_word' id='word_1_117' title='bbox 674 1803 885 1881; x_wconf 88' lang='lat' dir='ltr'><strong>Regno</strong></span> <span class='ocrx_word' id='word_1_118' title='bbox 923 1803 1173 1867; x_wconf 84' lang='lat' dir='ltr'><strong>coelesti</strong></span> <span class='ocrx_word' id='word_1_119' title='bbox 1213 1810 1386 1873; x_wconf 87' lang='lat' dir='ltr'><strong>sunt,</strong></span> <span class='ocrx_word' id='word_1_120' title='bbox 1421 1805 1484 1860; x_wconf 89' lang='lat' dir='ltr'><strong>in</strong></span> <span class='ocrx_word' id='word_1_121' title='bbox 1519 1819 1722 1861; x_wconf 88' lang='lat' dir='ltr'><strong>amore</strong></span> <span class='ocrx_word' id='word_1_122' title='bbox 1749 1805 1811 1860; x_wconf 89' lang='lat' dir='ltr'><strong>in</strong></span> <span class='ocrx_word' id='word_1_123' title='bbox 1836 1801 2158 1861; x_wconf 87' lang='lat' dir='ltr'><strong>Dominum</strong></span> <span class='ocrx_word' id='word_1_124' title='bbox 2193 1807 2363 1873; x_wconf 84' lang='lat' dir='ltr'><strong>sunt,</strong></span> <span class='ocrx_word' id='word_1_125' title='bbox 2401 1807 2463 1860; x_wconf 89' lang='lat' dir='ltr'><strong>et</strong></span> <span class='ocrx_word' id='word_1_126' title='bbox 2497 1818 2711 1860; x_wconf 89' lang='lat' dir='ltr'><strong>omnes</strong></span> 
     </span>
     <span class='ocr_line' id='line_1_15' title="bbox 580 1903 2712 1982; baseline -0.002 -17"><span class='ocrx_word' id='word_1_127' title='bbox 580 1908 684 1982; x_wconf 85' lang='lat' dir='ltr'><strong>qui</strong></span> <span class='ocrx_word' id='word_1_128' title='bbox 726 1907 787 1963; x_wconf 88' lang='lat' dir='ltr'><strong>in</strong></span> <span class='ocrx_word' id='word_1_129' title='bbox 828 1906 1089 1968; x_wconf 84' lang='lat' dir='ltr'><strong>Infernis</strong></span> <span class='ocrx_word' id='word_1_130' title='bbox 1126 1903 1214 1963; x_wconf 90' lang='lat' dir='ltr'><strong>illi</strong></span> <span class='ocrx_word' id='word_1_131' title='bbox 1248 1904 1458 1981; x_wconf 88' lang='lat' dir='ltr'><strong>Regno</strong></span> <span class='ocrx_word' id='word_1_132' title='bbox 1494 1905 1789 1981; x_wconf 81' lang='lat' dir='ltr'><strong>oppositis</strong></span> <span class='ocrx_word' id='word_1_133' title='bbox 1834 1910 2008 1974; x_wconf 87' lang='lat' dir='ltr'><strong>sunt,</strong></span> <span class='ocrx_word' id='word_1_134' title='bbox 2057 1906 2118 1962; x_wconf 92' lang='lat' dir='ltr'><strong>in</strong></span> <span class='ocrx_word' id='word_1_135' title='bbox 2160 1919 2363 1961; x_wconf 90' lang='lat' dir='ltr'><strong>amore</strong></span> <span class='ocrx_word' id='word_1_136' title='bbox 2398 1903 2492 1961; x_wconf 86' lang='lat' dir='ltr'><strong>sui</strong></span> <span class='ocrx_word' id='word_1_137' title='bbox 2532 1908 2712 1978; x_wconf 84' lang='lat' dir='ltr'><strong>sunt;</strong></span> 
     </span>
     <span class='ocr_line' id='line_1_16' title="bbox 582 2004 2712 2082; baseline -0.002 -17"><span class='ocrx_word' id='word_1_138' title='bbox 582 2012 645 2065; x_wconf 93' lang='lat' dir='ltr'><strong>at</strong></span> <span class='ocrx_word' id='word_1_139' title='bbox 682 2023 889 2066; x_wconf 88' lang='lat' dir='ltr'><strong>omnes</strong></span> <span class='ocrx_word' id='word_1_140' title='bbox 936 2007 1037 2082; x_wconf 89' lang='lat' dir='ltr'><strong>qui</strong></span> <span class='ocrx_word' id='word_1_141' title='bbox 1073 2007 1132 2063; x_wconf 92' lang='lat' dir='ltr'><strong>in</strong></span> <span class='ocrx_word' id='word_1_142' title='bbox 1167 2005 1378 2082; x_wconf 90' lang='lat' dir='ltr'><strong>Regno</strong></span> <span class='ocrx_word' id='word_1_143' title='bbox 1412 2004 1714 2081; x_wconf 81' lang='lat' dir='ltr'><strong>spirituali</strong></span> <span class='ocrx_word' id='word_1_144' title='bbox 1749 2010 1919 2076; x_wconf 89' lang='lat' dir='ltr'><strong>sunt,</strong></span> <span class='ocrx_word' id='word_1_145' title='bbox 1970 2006 2032 2063; x_wconf 90' lang='lat' dir='ltr'><strong>in</strong></span> <span class='ocrx_word' id='word_1_146' title='bbox 2070 2020 2272 2063; x_wconf 90' lang='lat' dir='ltr'><strong>amore</strong></span> <span class='ocrx_word' id='word_1_147' title='bbox 2317 2020 2463 2079; x_wconf 90' lang='lat' dir='ltr'><strong>erga</strong></span> <span class='ocrx_word' id='word_1_148' title='bbox 2495 2004 2712 2079; x_wconf 88' lang='lat' dir='ltr'><strong>proxi-</strong></span> 
     </span>
     <span class='ocr_line' id='line_1_17' title="bbox 573 2104 2715 2183; baseline -0.002 -17"><span class='ocrx_word' id='word_1_149' title='bbox 573 2124 738 2166; x_wconf 90' lang='lat' dir='ltr'><strong>mum</strong></span> <span class='ocrx_word' id='word_1_150' title='bbox 773 2113 945 2182; x_wconf 84' lang='lat' dir='ltr'><strong>sunt,</strong></span> <span class='ocrx_word' id='word_1_151' title='bbox 985 2113 1049 2164; x_wconf 88' lang='lat' dir='ltr'><strong>at</strong></span> <span class='ocrx_word' id='word_1_152' title='bbox 1083 2123 1291 2165; x_wconf 89' lang='lat' dir='ltr'><strong>omnes</strong></span> <span class='ocrx_word' id='word_1_153' title='bbox 1329 2108 1431 2183; x_wconf 93' lang='lat' dir='ltr'><strong>qui</strong></span> <span class='ocrx_word' id='word_1_154' title='bbox 1467 2107 1529 2163; x_wconf 90' lang='lat' dir='ltr'><strong>in</strong></span> <span class='ocrx_word' id='word_1_155' title='bbox 1566 2105 1824 2164; x_wconf 84' lang='lat' dir='ltr'><strong>Infernis</strong></span> <span class='ocrx_word' id='word_1_156' title='bbox 1852 2104 1940 2163; x_wconf 90' lang='lat' dir='ltr'><strong>illi</strong></span> <span class='ocrx_word' id='word_1_157' title='bbox 1978 2105 2188 2182; x_wconf 90' lang='lat' dir='ltr'><strong>Regno</strong></span> <span class='ocrx_word' id='word_1_158' title='bbox 2216 2105 2509 2181; x_wconf 89' lang='lat' dir='ltr'><strong>oppositis</strong></span> <span class='ocrx_word' id='word_1_159' title='bbox 2548 2111 2715 2175; x_wconf 88' lang='lat' dir='ltr'><strong>sunt,</strong></span> 
     </span>
     <span class='ocr_line' id='line_1_18' title="bbox 582 2203 2712 2283; baseline -0.001 -18"><span class='ocrx_word' id='word_1_160' title='bbox 582 2209 646 2265; x_wconf 92' lang='lat' dir='ltr'><strong>in</strong></span> <span class='ocrx_word' id='word_1_161' title='bbox 682 2225 885 2266; x_wconf 88' lang='lat' dir='ltr'><strong>amore</strong></span> <span class='ocrx_word' id='word_1_162' title='bbox 923 2206 1131 2265; x_wconf 89' lang='lat' dir='ltr'><strong>mundi</strong></span> <span class='ocrx_word' id='word_1_163' title='bbox 1165 2213 1336 2282; x_wconf 84' lang='lat' dir='ltr'><strong>sunt3</strong></span> <span class='ocrx_word' id='word_1_164' title='bbox 1392 2206 1533 2264; x_wconf 89' lang='lat' dir='ltr'><strong>inde</strong></span> <span class='ocrx_word' id='word_1_165' title='bbox 1571 2208 1800 2283; x_wconf 87' lang='lat' dir='ltr'><strong>patuit,</strong></span> <span class='ocrx_word' id='word_1_166' title='bbox 1862 2206 2022 2282; x_wconf 85' lang='lat' dir='ltr'><strong>quod</strong></span> <span class='ocrx_word' id='word_1_167' title='bbox 2064 2210 2254 2266; x_wconf 90' lang='lat' dir='ltr'><strong>Amor</strong></span> <span class='ocrx_word' id='word_1_168' title='bbox 2285 2208 2346 2263; x_wconf 90' lang='lat' dir='ltr'><strong>in</strong></span> <span class='ocrx_word' id='word_1_169' title='bbox 2382 2203 2712 2263; x_wconf 89' lang='lat' dir='ltr'><strong>Dominum</strong></span> 
     </span>
     <span class='ocr_line' id='line_1_19' title="bbox 584 2281 2716 2384; baseline -0 -19"><span class='ocrx_word' id='word_1_170' title='bbox 584 2313 648 2373; x_wconf 80' lang='lat' dir='ltr'><strong>et</strong></span> <span class='ocrx_word' id='word_1_171' title='bbox 679 2306 868 2365; x_wconf 91' lang='lat' dir='ltr'><strong>Amor</strong></span> <span class='ocrx_word' id='word_1_172' title='bbox 912 2308 1010 2364; x_wconf 92' lang='lat' dir='ltr'><strong>sui</strong></span> <span class='ocrx_word' id='word_1_173' title='bbox 1052 2308 1173 2365; x_wconf 88' lang='lat' dir='ltr'><strong>sint</strong></span> <span class='ocrx_word' id='word_1_174' title='bbox 1212 2308 1506 2384; x_wconf 85' lang='lat' dir='ltr'><strong>oppositi;</strong></span> <span class='ocrx_word' id='word_1_175' title='bbox 1560 2306 1836 2365; x_wconf 89' lang='lat' dir='ltr'><strong>similiter</strong></span> <span class='ocrx_word' id='word_1_176' title='bbox 1873 2307 2061 2366; x_wconf 90' lang='lat' dir='ltr'><strong>Amor</strong></span> <span class='ocrx_word' id='word_1_177' title='bbox 2098 2325 2243 2384; x_wconf 86' lang='lat' dir='ltr'><strong>erga</strong></span> <span class='ocrx_word' id='word_1_178' title='bbox 2257 2281 2622 2383; x_wconf 63' lang='lat' dir='ltr'><strong>‘proximum</strong></span> <span class='ocrx_word' id='word_1_179' title='bbox 2651 2310 2716 2366; x_wconf 89' lang='lat' dir='ltr'><strong>et</strong></span> 
     </span>
     <span class='ocr_line' id='line_1_20' title="bbox 580 2406 2718 2484; baseline 0 -18"><span class='ocrx_word' id='word_1_180' title='bbox 580 2406 768 2466; x_wconf 91' lang='lat' dir='ltr'><strong>Amor</strong></span> <span class='ocrx_word' id='word_1_181' title='bbox 805 2408 1028 2468; x_wconf 89' lang='lat' dir='ltr'><strong>mnndi.</strong></span> <span class='ocrx_word' id='word_1_182' title='bbox 1109 2407 1469 2468; x_wconf 86' lang='lat' dir='ltr'><strong>Providetur</strong></span> <span class='ocrx_word' id='word_1_183' title='bbox 1511 2408 1741 2484; x_wconf 90' lang='lat' dir='ltr'><strong>jugiter</strong></span> <span class='ocrx_word' id='word_1_184' title='bbox 1784 2425 1822 2466; x_wconf 89' lang='lat' dir='ltr'><strong>a</strong></span> <span class='ocrx_word' id='word_1_185' title='bbox 1865 2407 2151 2483; x_wconf 85' lang='lat' dir='ltr'><strong>Domino,</strong></span> <span class='ocrx_word' id='word_1_186' title='bbox 2207 2412 2276 2468; x_wconf 88' lang='lat' dir='ltr'><strong>ut</strong></span> <span class='ocrx_word' id='word_1_187' title='bbox 2316 2425 2435 2466; x_wconf 90' lang='lat' dir='ltr'><strong>non</strong></span> <span class='ocrx_word' id='word_1_188' title='bbox 2481 2406 2718 2483; x_wconf 81' lang='lat' dir='ltr'><strong>aliquid</strong></span> 
     </span>
     <span class='ocr_line' id='line_1_21' title="bbox 576 2508 2715 2587; baseline -0 -19"><span class='ocrx_word' id='word_1_189' title='bbox 576 2508 781 2568; x_wconf 85' lang='lat' dir='ltr'><strong>effluat</strong></span> <span class='ocrx_word' id='word_1_190' title='bbox 839 2526 914 2569; x_wconf 82' lang='lat' dir='ltr'><strong>ex</strong></span> <span class='ocrx_word' id='word_1_191' title='bbox 965 2509 1223 2569; x_wconf 87' lang='lat' dir='ltr'><strong>Infernis</strong></span> <span class='ocrx_word' id='word_1_192' title='bbox 1278 2511 1577 2587; x_wconf 87' lang='lat' dir='ltr'><strong>oppositis</strong></span> <span class='ocrx_word' id='word_1_193' title='bbox 1633 2509 1844 2587; x_wconf 87' lang='lat' dir='ltr'><strong>Regno</strong></span> <span class='ocrx_word' id='word_1_194' title='bbox 1897 2508 2149 2569; x_wconf 84' lang='lat' dir='ltr'><strong>coelesti</strong></span> <span class='ocrx_word' id='word_1_195' title='bbox 2200 2509 2443 2568; x_wconf 86' lang='lat' dir='ltr'><strong>Domini</strong></span> <span class='ocrx_word' id='word_1_196' title='bbox 2491 2523 2715 2570; x_wconf 86' lang='lat' dir='ltr'><strong>versus</strong></span> 
     </span>
     <span class='ocr_line' id='line_1_22' title="bbox 570 2610 2715 2689; baseline 0 -20"><span class='ocrx_word' id='word_1_197' title='bbox 570 2610 707 2669; x_wconf 87' lang='lat' dir='ltr'><strong>illos</strong></span> <span class='ocrx_word' id='word_1_198' title='bbox 746 2612 847 2687; x_wconf 89' lang='lat' dir='ltr'><strong>qui</strong></span> <span class='ocrx_word' id='word_1_199' title='bbox 888 2613 950 2669; x_wconf 89' lang='lat' dir='ltr'><strong>in</strong></span> <span class='ocrx_word' id='word_1_200' title='bbox 983 2610 1193 2687; x_wconf 88' lang='lat' dir='ltr'><strong>Regno</strong></span> <span class='ocrx_word' id='word_1_201' title='bbox 1240 2612 1540 2689; x_wconf 87' lang='lat' dir='ltr'><strong>spirituali</strong></span> <span class='ocrx_word' id='word_1_202' title='bbox 1575 2617 1745 2685; x_wconf 86' lang='lat' dir='ltr'><strong>sunt,</strong></span> <span class='ocrx_word' id='word_1_203' title='bbox 1808 2628 1946 2669; x_wconf 89' lang='lat' dir='ltr'><strong>nam</strong></span> <span class='ocrx_word' id='word_1_204' title='bbox 1981 2612 2037 2669; x_wconf 90' lang='lat' dir='ltr'><strong>si</strong></span> <span class='ocrx_word' id='word_1_205' title='bbox 2069 2610 2185 2672; x_wconf 88' lang='lat' dir='ltr'><strong>hoe</strong></span> <span class='ocrx_word' id='word_1_206' title='bbox 2220 2610 2421 2685; x_wconf 88' lang='lat' dir='ltr'><strong>fieret,</strong></span> <span class='ocrx_word' id='word_1_207' title='bbox 2476 2612 2715 2686; x_wconf 89' lang='lat' dir='ltr'><strong>periret</strong></span> 
     </span>
     <span class='ocr_line' id='line_1_23' title="bbox 570 2701 2718 2788; baseline 0 -18"><span class='ocrx_word' id='word_1_208' title='bbox 570 2701 844 2787; x_wconf 82' lang='lat' dir='ltr'><strong>Regnum</strong></span> <span class='ocrx_word' id='word_1_209' title='bbox 902 2711 1249 2788; x_wconf 76' lang='lat' dir='ltr'><strong>spirituale,</strong></span> <span class='ocrx_word' id='word_1_210' title='bbox 1326 2729 1516 2773; x_wconf 85' lang='lat' dir='ltr'><strong>eausa</strong></span> <span class='ocrx_word' id='word_1_211' title='bbox 1581 2710 1860 2770; x_wconf 86' lang='lat' dir='ltr'><strong>videatur</strong></span> <span class='ocrx_word' id='word_1_212' title='bbox 1918 2727 2106 2788; x_wconf 87' lang='lat' dir='ltr'><strong>supra</strong></span> <span class='ocrx_word' id='word_1_213' title='bbox 2175 2730 2245 2771; x_wconf 85' lang='lat' dir='ltr'><strong>n:</strong></span> <span class='ocrx_word' id='word_1_214' title='bbox 2318 2713 2479 2772; x_wconf 83' lang='lat'><strong>578.</strong></span> <span class='ocrx_word' id='word_1_215' title='bbox 2545 2713 2633 2770; x_wconf 80' lang='lat'><strong>57</strong></span> <span class='ocrx_word' id='word_1_216' title='bbox 2651 2712 2718 2770; x_wconf 88' lang='grc'><strong>9.</strong></span> 
     </span>
     <span class='ocr_line' id='line_1_24' title="bbox 578 2807 2724 2890; baseline 0 -21"><span class='ocrx_word' id='word_1_217' title='bbox 578 2810 751 2872; x_wconf 85' lang='lat' dir='ltr'><strong>Haeo</strong></span> <span class='ocrx_word' id='word_1_218' title='bbox 791 2812 909 2871; x_wconf 91' lang='lat' dir='ltr'><strong>duo</strong></span> <span class='ocrx_word' id='word_1_219' title='bbox 947 2815 1282 2871; x_wconf 83' lang='lat' dir='ltr'><strong>eommunia</strong></span> <span class='ocrx_word' id='word_1_220' title='bbox 1315 2807 1695 2889; x_wconf 88' lang='lat' dir='ltr'><strong>Aequilibria</strong></span> <span class='ocrx_word' id='word_1_221' title='bbox 1729 2818 1888 2881; x_wconf 88' lang='lat' dir='ltr'><strong>sunt,</strong></span> <span class='ocrx_word' id='word_1_222' title='bbox 1924 2829 2079 2889; x_wconf 90' lang='lat' dir='ltr'><strong>quae</strong></span> <span class='ocrx_word' id='word_1_223' title='bbox 2117 2831 2155 2872; x_wconf 91' lang='lat' dir='ltr'><strong>a</strong></span> <span class='ocrx_word' id='word_1_224' title='bbox 2187 2812 2447 2873; x_wconf 91' lang='lat' dir='ltr'><strong>Domino</strong></span> <span class='ocrx_word' id='word_1_225' title='bbox 2478 2813 2724 2890; x_wconf 88' lang='lat' dir='ltr'><strong>jugiter</strong></span> 
     </span>
     <span class='ocr_line' id='line_1_25' title="bbox 574 2918 1234 2972; baseline 0.005 -4"><span class='ocrx_word' id='word_1_226' title='bbox 574 2918 741 2969; x_wconf 86' lang='lat' dir='ltr'><strong>sarta</strong></span> <span class='ocrx_word' id='word_1_227' title='bbox 786 2919 1234 2972; x_wconf 87' lang='lat' dir='ltr'><strong>conservantur.</strong></span> 
     </span>
    </p>
   </div>
   <div class='ocr_carea' id='block_1_3' title="bbox 653 3079 2607 3276">
    <p class='ocr_par' dir='ltr' id='par_1_4' title="bbox 653 3079 2607 3276">
     <span class='ocr_line' id='line_1_26' title="bbox 653 3079 2607 3182; baseline 0.004 -36"><span class='ocrx_word' id='word_1_228' title='bbox 653 3079 934 3175; x_wconf 22' lang='lat' dir='ltr'><strong>*Quod</strong></span> <span class='ocrx_word' id='word_1_229' title='bbox 996 3081 1261 3153; x_wconf 89' lang='lat' dir='ltr'><strong>homo</strong></span> <span class='ocrx_word' id='word_1_230' title='bbox 1329 3085 1415 3152; x_wconf 88' lang='lat' dir='ltr'><strong>in</strong></span> <span class='ocrx_word' id='word_1_231' title='bbox 1472 3083 1816 3155; x_wconf 88' lang='lat' dir='ltr'><strong>Libero</strong></span> <span class='ocrx_word' id='word_1_232' title='bbox 1885 3084 2008 3154; x_wconf 88' lang='lat' dir='ltr'><strong>sit</strong></span> <span class='ocrx_word' id='word_1_233' title='bbox 2056 3109 2222 3182; x_wconf 87' lang='lat' dir='ltr'><strong>per</strong></span> <span class='ocrx_word' id='word_1_234' title='bbox 2271 3083 2607 3180; x_wconf 87' lang='lat' dir='ltr'><strong>Aequi-</strong></span> 
     </span>
     <span class='ocr_line' id='line_1_27' title="bbox 736 3178 2520 3276; baseline 0.002 -29"><span class='ocrx_word' id='word_1_235' title='bbox 736 3178 1107 3276; x_wconf 76' lang='lat' dir='ltr'><strong>librium</strong></span> <span class='ocrx_word' id='word_1_236' title='bbox 1160 3185 1411 3252; x_wconf 82' lang='lat' dir='ltr'><strong>inter</strong></span> <span class='ocrx_word' id='word_1_237' title='bbox 1465 3183 1844 3254; x_wconf 86' lang='lat' dir='ltr'><strong>Coelum</strong></span> <span class='ocrx_word' id='word_1_238' title='bbox 1896 3202 1983 3255; x_wconf 82' lang='lat' dir='ltr'><strong>et</strong></span> <span class='ocrx_word' id='word_1_239' title='bbox 2033 3185 2520 3255; x_wconf 85' lang='lat' dir='ltr'><strong>Infernum.</strong></span> 
     </span>
    </p>
   </div>
   <div class='ocr_carea' id='block_1_4' title="bbox 567 3307 2727 4399">
    <p class='ocr_par' dir='ltr' id='par_1_5' title="bbox 567 3307 2727 4399">
     <span class='ocr_line' id='line_1_28' title="bbox 667 3307 2720 3393; baseline 0.002 -21"><span class='ocrx_word' id='word_1_240' title='bbox 667 3307 679 3318; x_wconf 73' lang='grc'><strong><em>’</em></strong></span> <span class='ocrx_word' id='word_1_241' title='bbox 734 3312 894 3372; x_wconf 86' lang='grc'><strong>597.</strong></span> <span class='ocrx_word' id='word_1_242' title='bbox 952 3312 1154 3391; x_wconf 83' lang='lat' dir='ltr'><strong>Supra</strong></span> <span class='ocrx_word' id='word_1_243' title='bbox 1188 3321 1406 3392; x_wconf 16' lang='lat' dir='ltr'><strong>‘aetum</strong></span> <span class='ocrx_word' id='word_1_244' title='bbox 1461 3322 1556 3374; x_wconf 80' lang='lat' dir='ltr'><strong>est</strong></span> <span class='ocrx_word' id='word_1_245' title='bbox 1607 3315 1681 3375; x_wconf 90' lang='lat' dir='ltr'><strong>de</strong></span> <span class='ocrx_word' id='word_1_246' title='bbox 1729 3316 2103 3393; x_wconf 90' lang='lat' dir='ltr'><strong>Aequilibrio</strong></span> <span class='ocrx_word' id='word_1_247' title='bbox 2149 3319 2304 3376; x_wconf 88' lang='lat' dir='ltr'><strong>inter</strong></span> <span class='ocrx_word' id='word_1_248' title='bbox 2353 3317 2607 3378; x_wconf 85' lang='lat' dir='ltr'><strong>Coelum</strong></span> <span class='ocrx_word' id='word_1_249' title='bbox 2647 3324 2720 3377; x_wconf 82' lang='lat' dir='ltr'><strong>et</strong></span> 
     </span>
     <span class='ocr_line' id='line_1_29' title="bbox 571 3413 2716 3495; baseline 0.002 -22"><span class='ocrx_word' id='word_1_250' title='bbox 571 3413 910 3491; x_wconf 84' lang='lat' dir='ltr'><strong>Infernum‚</strong></span> <span class='ocrx_word' id='word_1_251' title='bbox 979 3420 1040 3473; x_wconf 88' lang='lat' dir='ltr'><strong>et</strong></span> <span class='ocrx_word' id='word_1_252' title='bbox 1085 3424 1395 3476; x_wconf 87' lang='lat' dir='ltr'><strong>ostensum</strong></span> <span class='ocrx_word' id='word_1_253' title='bbox 1448 3416 1612 3493; x_wconf 88' lang='lat' dir='ltr'><strong>quod</strong></span> <span class='ocrx_word' id='word_1_254' title='bbox 1655 3417 2092 3494; x_wconf 85' lang='lat' dir='ltr'><strong>Aequilibrium</strong></span> <span class='ocrx_word' id='word_1_255' title='bbox 2145 3418 2295 3477; x_wconf 88' lang='lat' dir='ltr'><strong>illud</strong></span> <span class='ocrx_word' id='word_1_256' title='bbox 2344 3421 2421 3477; x_wconf 88' lang='lat' dir='ltr'><strong>sit</strong></span> <span class='ocrx_word' id='word_1_257' title='bbox 2469 3419 2716 3495; x_wconf 84' lang='lat' dir='ltr'><strong>Aequi-</strong></span> 
     </span>
     <span class='ocr_line' id='line_1_30' title="bbox 567 3513 2708 3595; baseline 0.002 -22"><span class='ocrx_word' id='word_1_258' title='bbox 567 3514 805 3576; x_wconf 89' lang='lat' dir='ltr'><strong>librium</strong></span> <span class='ocrx_word' id='word_1_259' title='bbox 842 3518 998 3576; x_wconf 89' lang='lat' dir='ltr'><strong>inter</strong></span> <span class='ocrx_word' id='word_1_260' title='bbox 1030 3517 1262 3577; x_wconf 87' lang='lat' dir='ltr'><strong>Bonum</strong></span> <span class='ocrx_word' id='word_1_261' title='bbox 1301 3517 1456 3595; x_wconf 89' lang='lat' dir='ltr'><strong>quod</strong></span> <span class='ocrx_word' id='word_1_262' title='bbox 1497 3535 1531 3577; x_wconf 93' lang='lat' dir='ltr'><strong>e</strong></span> <span class='ocrx_word' id='word_1_263' title='bbox 1569 3518 1784 3593; x_wconf 84' lang='lat' dir='ltr'><strong>Coe10,</strong></span> <span class='ocrx_word' id='word_1_264' title='bbox 1838 3524 1900 3577; x_wconf 88' lang='lat' dir='ltr'><strong>et</strong></span> <span class='ocrx_word' id='word_1_265' title='bbox 1930 3519 2158 3578; x_wconf 88' lang='lat' dir='ltr'><strong>Malum</strong></span> <span class='ocrx_word' id='word_1_266' title='bbox 2195 3519 2354 3595; x_wconf 87' lang='lat' dir='ltr'><strong>quod</strong></span> <span class='ocrx_word' id='word_1_267' title='bbox 2391 3535 2463 3578; x_wconf 82' lang='lat' dir='ltr'><strong>ex</strong></span> <span class='ocrx_word' id='word_1_268' title='bbox 2500 3513 2708 3578; x_wconf 83' lang='lat' dir='ltr'><strong>Infer-</strong></span> 
     </span>
     <span class='ocr_line' id='line_1_31' title="bbox 570 3601 2712 3696; baseline 0.001 -22"><span class='ocrx_word' id='word_1_269' title='bbox 570 3632 682 3686; x_wconf 89' lang='lat' dir='ltr'><strong>n0‚</strong></span> <span class='ocrx_word' id='word_1_270' title='bbox 732 3618 819 3675; x_wconf 89' lang='lat' dir='ltr'><strong>ita</strong></span> <span class='ocrx_word' id='word_1_271' title='bbox 854 3601 1011 3693; x_wconf 59' lang='lat' dir='ltr'><strong>duod</strong></span> <span class='ocrx_word' id='word_1_272' title='bbox 1050 3621 1129 3677; x_wconf 92' lang='lat' dir='ltr'><strong>sit</strong></span> <span class='ocrx_word' id='word_1_273' title='bbox 1162 3619 1603 3695; x_wconf 83' lang='lat' dir='ltr'><strong>Aequilibrium</strong></span> <span class='ocrx_word' id='word_1_274' title='bbox 1642 3619 1985 3696; x_wconf 86' lang='lat' dir='ltr'><strong>spirituale,</strong></span> <span class='ocrx_word' id='word_1_275' title='bbox 2044 3620 2205 3696; x_wconf 87' lang='lat' dir='ltr'><strong>quod</strong></span> <span class='ocrx_word' id='word_1_276' title='bbox 2237 3622 2299 3678; x_wconf 91' lang='lat' dir='ltr'><strong>in</strong></span> <span class='ocrx_word' id='word_1_277' title='bbox 2339 3636 2453 3679; x_wconf 91' lang='lat' dir='ltr'><strong>sua</strong></span> <span class='ocrx_word' id='word_1_278' title='bbox 2484 3635 2712 3679; x_wconf 88' lang='lat' dir='ltr'><strong>essen-</strong></span> 
     </span>
     <span class='ocr_line' id='line_1_32' title="bbox 571 3715 2718 3796; baseline 0.003 -25"><span class='ocrx_word' id='word_1_279' title='bbox 571 3717 660 3772; x_wconf 86' lang='lat' dir='ltr'><strong>tia</strong></span> <span class='ocrx_word' id='word_1_280' title='bbox 694 3723 790 3774; x_wconf 88' lang='lat' dir='ltr'><strong>est</strong></span> <span class='ocrx_word' id='word_1_281' title='bbox 828 3715 1131 3778; x_wconf 88' lang='lat' dir='ltr'><strong>Liberum.</strong></span> <span class='ocrx_word' id='word_1_282' title='bbox 1211 3718 1385 3795; x_wconf 85' lang='lat' dir='ltr'><strong>Quod</strong></span> <span class='ocrx_word' id='word_1_283' title='bbox 1421 3719 1863 3796; x_wconf 89' lang='lat' dir='ltr'><strong>Aequilibrium</strong></span> <span class='ocrx_word' id='word_1_284' title='bbox 1893 3720 2207 3796; x_wconf 89' lang='lat' dir='ltr'><strong>spirituale</strong></span> <span class='ocrx_word' id='word_1_285' title='bbox 2249 3723 2311 3779; x_wconf 89' lang='lat' dir='ltr'><strong>in</strong></span> <span class='ocrx_word' id='word_1_286' title='bbox 2348 3737 2463 3780; x_wconf 88' lang='lat' dir='ltr'><strong>sua</strong></span> <span class='ocrx_word' id='word_1_287' title='bbox 2490 3736 2718 3780; x_wconf 87' lang='lat' dir='ltr'><strong>essen-</strong></span> 
     </span>
     <span class='ocr_line' id='line_1_33' title="bbox 574 3815 2717 3897; baseline 0.004 -27"><span class='ocrx_word' id='word_1_288' title='bbox 574 3815 660 3871; x_wconf 90' lang='lat' dir='ltr'><strong>tia</strong></span> <span class='ocrx_word' id='word_1_289' title='bbox 700 3817 779 3872; x_wconf 87' lang='lat' dir='ltr'><strong>sit</strong></span> <span class='ocrx_word' id='word_1_290' title='bbox 824 3816 1139 3894; x_wconf 74' lang='lat' dir='ltr'><strong>Liberum,</strong></span> <span class='ocrx_word' id='word_1_291' title='bbox 1200 3826 1292 3878; x_wconf 90' lang='lat' dir='ltr'><strong>est</strong></span> <span class='ocrx_word' id='word_1_292' title='bbox 1329 3822 1470 3897; x_wconf 91' lang='lat' dir='ltr'><strong>quia</strong></span> <span class='ocrx_word' id='word_1_293' title='bbox 1505 3827 1601 3879; x_wconf 86' lang='lat' dir='ltr'><strong>est</strong></span> <span class='ocrx_word' id='word_1_294' title='bbox 1634 3823 1789 3879; x_wconf 88' lang='lat' dir='ltr'><strong>inter</strong></span> <span class='ocrx_word' id='word_1_295' title='bbox 1823 3820 2046 3880; x_wconf 89' lang='lat' dir='ltr'><strong>bonum</strong></span> <span class='ocrx_word' id='word_1_296' title='bbox 2088 3828 2147 3880; x_wconf 90' lang='lat' dir='ltr'><strong>et</strong></span> <span class='ocrx_word' id='word_1_297' title='bbox 2183 3822 2440 3896; x_wconf 87' lang='lat' dir='ltr'><strong>malum,</strong></span> <span class='ocrx_word' id='word_1_298' title='bbox 2496 3838 2569 3880; x_wconf 85' lang='lat' dir='ltr'><strong>ae</strong></span> <span class='ocrx_word' id='word_1_299' title='bbox 2610 3822 2717 3879; x_wconf 92' lang='lat' dir='ltr'><strong>in-</strong></span> 
     </span>
     <span class='ocr_line' id='line_1_34' title="bbox 569 3918 2724 3999; baseline 0.005 -29"><span class='ocrx_word' id='word_1_300' title='bbox 569 3918 664 3971; x_wconf 83' lang='lat' dir='ltr'><strong>ter</strong></span> <span class='ocrx_word' id='word_1_301' title='bbox 697 3931 908 3973; x_wconf 89' lang='lat' dir='ltr'><strong>verum</strong></span> <span class='ocrx_word' id='word_1_302' title='bbox 964 3924 1025 3975; x_wconf 88' lang='lat' dir='ltr'><strong>et</strong></span> <span class='ocrx_word' id='word_1_303' title='bbox 1076 3919 1328 3995; x_wconf 82' lang='lat' dir='ltr'><strong>salsum,</strong></span> <span class='ocrx_word' id='word_1_304' title='bbox 1386 3927 1446 3979; x_wconf 94' lang='lat' dir='ltr'><strong>et</strong></span> <span class='ocrx_word' id='word_1_305' title='bbox 1496 3921 1650 3980; x_wconf 86' lang='lat' dir='ltr'><strong>haee</strong></span> <span class='ocrx_word' id='word_1_306' title='bbox 1703 3927 1845 3980; x_wconf 90' lang='lat' dir='ltr'><strong>sunt</strong></span> <span class='ocrx_word' id='word_1_307' title='bbox 1898 3922 2266 3998; x_wconf 79' lang='lat' dir='ltr'><strong>spiritualia3</strong></span> <span class='ocrx_word' id='word_1_308' title='bbox 2336 3927 2724 3999; x_wconf 85' lang='lat' dir='ltr'><strong>quapropter</strong></span> 
     </span>
     <span class='ocr_line' id='line_1_35' title="bbox 570 4013 2721 4099; baseline 0.006 -31"><span class='ocrx_word' id='word_1_309' title='bbox 570 4028 754 4090; x_wconf 88' lang='lat' dir='ltr'><strong>posse</strong></span> <span class='ocrx_word' id='word_1_310' title='bbox 792 4013 950 4073; x_wconf 90' lang='lat' dir='ltr'><strong>velle</strong></span> <span class='ocrx_word' id='word_1_311' title='bbox 986 4015 1207 4077; x_wconf 89' lang='lat' dir='ltr'><strong>bonum</strong></span> <span class='ocrx_word' id='word_1_312' title='bbox 1243 4027 1346 4078; x_wconf 86' lang='lat' dir='ltr'><strong>aut</strong></span> <span class='ocrx_word' id='word_1_313' title='bbox 1383 4021 1625 4094; x_wconf 88' lang='lat' dir='ltr'><strong>malum,</strong></span> <span class='ocrx_word' id='word_1_314' title='bbox 1679 4029 1740 4080; x_wconf 91' lang='lat' dir='ltr'><strong>et</strong></span> <span class='ocrx_word' id='word_1_315' title='bbox 1775 4024 2039 4099; x_wconf 88' lang='lat' dir='ltr'><strong>cogitare</strong></span> <span class='ocrx_word' id='word_1_316' title='bbox 2077 4040 2290 4084; x_wconf 84' lang='lat' dir='ltr'><strong>verum</strong></span> <span class='ocrx_word' id='word_1_317' title='bbox 2325 4029 2431 4082; x_wconf 88' lang='lat' dir='ltr'><strong>aut</strong></span> <span class='ocrx_word' id='word_1_318' title='bbox 2464 4022 2721 4099; x_wconf 85' lang='lat' dir='ltr'><strong>falsum,</strong></span> 
     </span>
     <span class='ocr_line' id='line_1_36' title="bbox 576 4112 2724 4200; baseline 0.007 -29"><span class='ocrx_word' id='word_1_319' title='bbox 576 4129 649 4171; x_wconf 86' lang='lat' dir='ltr'><strong>ae</strong></span> <span class='ocrx_word' id='word_1_320' title='bbox 687 4112 909 4189; x_wconf 85' lang='lat' dir='ltr'><strong>eligere</strong></span> <span class='ocrx_word' id='word_1_321' title='bbox 947 4133 1129 4173; x_wconf 90' lang='lat' dir='ltr'><strong>unum</strong></span> <span class='ocrx_word' id='word_1_322' title='bbox 1163 4135 1312 4193; x_wconf 86' lang='lat' dir='ltr'><strong>prae</strong></span> <span class='ocrx_word' id='word_1_323' title='bbox 1342 4119 1567 4188; x_wconf 78' lang='lat' dir='ltr'><strong>altere,</strong></span> <span class='ocrx_word' id='word_1_324' title='bbox 1605 4127 1698 4179; x_wconf 86' lang='lat' dir='ltr'><strong>est</strong></span> <span class='ocrx_word' id='word_1_325' title='bbox 1732 4122 2047 4199; x_wconf 85' lang='lat' dir='ltr'><strong>Liberum,</strong></span> <span class='ocrx_word' id='word_1_326' title='bbox 2088 4124 2162 4183; x_wconf 91' lang='lat' dir='ltr'><strong>de</strong></span> <span class='ocrx_word' id='word_1_327' title='bbox 2200 4141 2318 4200; x_wconf 90' lang='lat' dir='ltr'><strong>quo</strong></span> <span class='ocrx_word' id='word_1_328' title='bbox 2353 4124 2451 4182; x_wconf 87' lang='lat' dir='ltr'><strong>hie</strong></span> <span class='ocrx_word' id='word_1_329' title='bbox 2489 4126 2724 4199; x_wconf 88' lang='lat' dir='ltr'><strong>agitur.</strong></span> 
     </span>
     <span class='ocr_line' id='line_1_37' title="bbox 569 4213 2727 4300; baseline 0.006 -29"><span class='ocrx_word' id='word_1_330' title='bbox 569 4214 702 4273; x_wconf 83' lang='lat' dir='ltr'><strong>Hoc</strong></span> <span class='ocrx_word' id='word_1_331' title='bbox 733 4213 1013 4275; x_wconf 87' lang='lat' dir='ltr'><strong>Liberum</strong></span> <span class='ocrx_word' id='word_1_332' title='bbox 1056 4216 1233 4274; x_wconf 90' lang='lat' dir='ltr'><strong>datur</strong></span> <span class='ocrx_word' id='word_1_333' title='bbox 1270 4219 1567 4277; x_wconf 87' lang='lat' dir='ltr'><strong>unicuivis</strong></span> <span class='ocrx_word' id='word_1_334' title='bbox 1610 4220 1836 4281; x_wconf 89' lang='lat' dir='ltr'><strong>homini</strong></span> <span class='ocrx_word' id='word_1_335' title='bbox 1878 4241 1915 4282; x_wconf 91' lang='lat' dir='ltr'><strong>a</strong></span> <span class='ocrx_word' id='word_1_336' title='bbox 1963 4225 2255 4294; x_wconf 89' lang='lat' dir='ltr'><strong>Domino,</strong></span> <span class='ocrx_word' id='word_1_337' title='bbox 2304 4242 2420 4282; x_wconf 81' lang='lat' dir='ltr'><strong>nee</strong></span> <span class='ocrx_word' id='word_1_338' title='bbox 2453 4241 2727 4300; x_wconf 87' lang='lat' dir='ltr'><strong>usquam</strong></span> 
     </span>
     <span class='ocr_line' id='line_1_38' title="bbox 582 4316 2726 4399; baseline 0.007 -28"><span class='ocrx_word' id='word_1_339' title='bbox 582 4316 879 4390; x_wconf 80' lang='lat' dir='ltr'><strong>aufertur3</strong></span> <span class='ocrx_word' id='word_1_340' title='bbox 932 4327 1025 4377; x_wconf 88' lang='lat' dir='ltr'><strong>est</strong></span> <span class='ocrx_word' id='word_1_341' title='bbox 1062 4318 1298 4396; x_wconf 86' lang='lat' dir='ltr'><strong>quidem</strong></span> <span class='ocrx_word' id='word_1_342' title='bbox 1340 4335 1413 4377; x_wconf 84' lang='lat' dir='ltr'><strong>ex</strong></span> <span class='ocrx_word' id='word_1_343' title='bbox 1446 4336 1557 4378; x_wconf 87' lang='lat' dir='ltr'><strong>sua</strong></span> <span class='ocrx_word' id='word_1_344' title='bbox 1594 4323 1821 4398; x_wconf 82' lang='lat' dir='ltr'><strong>origine</strong></span> <span class='ocrx_word' id='word_1_345' title='bbox 1864 4342 1979 4382; x_wconf 90' lang='lat' dir='ltr'><strong>non</strong></span> <span class='ocrx_word' id='word_1_346' title='bbox 2025 4326 2279 4384; x_wconf 86' lang='lat' dir='ltr'><strong>hominis</strong></span> <span class='ocrx_word' id='word_1_347' title='bbox 2310 4325 2418 4384; x_wconf 88' lang='lat' dir='ltr'><strong>sed</strong></span> <span class='ocrx_word' id='word_1_348' title='bbox 2444 4324 2726 4399; x_wconf 85' lang='lat' dir='ltr'><strong>Domini,</strong></span> 
     </span>
    </p>
   </div>
  </div>
 </body>
</html>
