3013 5114
579 406 648 455 92
1193 391 1284 442 DE
1328 389 1562 443 COELO
1609 388 1702 441 ET
1743 387 2076 441 INFERNO.

580 555 763 613 terior
802 553 1001 620 visne,
1056 552 1160 625 qui
1197 556 1290 608 est
1325 550 1493 611 visus
1545 550 1793 626 spiritus
1842 547 2127 620 hominiS,
2191 548 2483 623 aperitur:
2552 564 2691 605 nam

578 670 735 731 quae
771 654 832 710 in
870 649 1067 710 Coelis
1106 655 1276 723 sunt,
1340 667 1456 707 non
1504 650 1695 707 videri
1743 654 2000 726 possunt
2047 647 2234 706 oculis
2272 648 2538 723 corporiS
2574 647 2688 705 ho-

578 755 783 827 miniS,
845 751 955 810 sed
999 751 1186 809 oculis
1235 752 1484 827 spIritus
1537 750 1696 827 ejus;
1755 755 1816 809 et
1863 766 1996 808 cum
2035 748 2395 823 beneplacet
2429 749 2687 807 Domino

576 855 927 931 aperiuntur
974 852 1087 925 illi,
1147 869 1282 909 cum
1325 850 1502 909 homo
1562 850 1875 908 abducitur
1926 867 1962 906 a
2015 848 2237 906 lumine
2285 848 2573 923 naturali,
2628 849 2688 907 in

581 972 700 1032 quo
751 960 842 1011 est
898 970 974 1010 ex
1022 951 1299 1010 sensibus
1350 954 1655 1027 corporiS,
1714 957 1774 1009 et
1825 950 2096 1009 elevatur
2144 951 2206 1007 in
2259 949 2452 1007 lucem
2506 951 2687 1025 spiri-

577 1055 831 1130 tualem,
888 1055 947 1111 in
998 1070 1115 1128 qua
1164 1058 1256 1110 est
1303 1069 1374 1110 ex
1423 1053 1638 1127 spiritu
1688 1068 1815 1109 suo.
1916 1051 1984 1108 In
2034 1049 2139 1107 illa
2184 1049 2318 1108 luce
2365 1050 2508 1108 mihi
2560 1053 2692 1108 visa

576 1163 748 1226 sunt,
796 1173 949 1230 quae
987 1157 1047 1212 in
1087 1153 1303 1212 Coelis.

741 1259 897 1315 172.
965 1253 1085 1314 Sed
1133 1254 1237 1311 illa
1287 1270 1441 1327 quae
1491 1254 1553 1309 in
1591 1250 1790 1310 Coelis
1830 1257 2152 1328 apparent,
2218 1253 2454 1308 tametsi
2492 1251 2690 1326 quoad

575 1357 822 1415 multam
860 1363 1088 1432 partem
1128 1354 1345 1411 similia
1381 1359 1522 1411 sunt
1572 1352 1690 1409 illis
1744 1371 1897 1427 quae
1948 1357 2007 1409 in
2044 1353 2253 1423 terriS,
2323 1368 2514 1427 usque
2568 1369 2688 1410 non

575 1459 793 1516 similia
829 1465 964 1514 sunt
1006 1455 1201 1532 quoad
1240 1455 1591 1526 essentiam,
1634 1454 1897 1511 existunt
1927 1454 2080 1511 enim
2110 1451 2215 1509 illa
2246 1470 2399 1527 quae
2436 1453 2497 1509 in
2528 1451 2685 1510 Coe-

574 1558 648 1616 115
688 1575 760 1616 ex
800 1556 940 1615 Sole
978 1556 1157 1626 coeli,
1215 1561 1272 1612 et
1316 1572 1468 1630 quae
1506 1557 1565 1612 in
1604 1554 1777 1612 terris
1823 1572 1897 1612 ex
1944 1552 2083 1612 Sole
2123 1553 2324 1610 mundi
2340 1573 2353 1626 3
2421 1570 2574 1627 quae
2616 1570 2691 1609 ex

574 1656 715 1716 Sole
753 1657 903 1716 coeli
937 1658 1225 1722 existunt,
1279 1656 1556 1713 dicuntur
1593 1653 1969 1730 Spiritualia,
2013 1671 2166 1730 quae
2207 1660 2406 1712 autem
2444 1670 2516 1712 ex
2548 1651 2689 1711 Sole

570 1757 806 1831 mundi,
885 1757 1162 1814 dicuntur
1216 1755 1551 1814 Naturalia.

734 1861 761 1915 1
786 1859 894 1917 73.
950 1856 1064 1914 Illa
1102 1874 1254 1932 quae
1292 1859 1350 1914 in
1390 1855 1590 1914 Coelis
1629 1857 1919 1927 existunt,
1961 1874 2078 1914 non
2120 1858 2382 1915 existunt
2416 1855 2689 1913 slmiliter

575 1961 729 2017 sicut.
776 1957 879 2015 illa
917 1974 1070 2032 quae
1119 1958 1179 2014 in
1216 1959 1389 2016 terris
1403 1977 1417 2031 3
1474 1959 1534 2014 in
1574 1956 1773 2015 Coelis
1823 1959 2021 2015 omnia
2058 1958 2319 2014 existunt
2356 1973 2393 2013 a
2430 1955 2709 2037 Domino*

573 2058 902 2119 secundum
938 2058 1500 2132 correspondentias
1535 2074 1666 2115 cum
1706 2057 2083 2116 interioribus
2111 2057 2481 2133 Angelorum
2495 2076 2510 2131 3
2549 2063 2690 2114 sunt

575 2160 730 2218 enim
777 2151 1026 2233 Angelis
1064 2159 1347 2214 interiora
1382 2165 1439 2214 ct
1479 2159 1808 2231 exteriora,
1850 2176 2003 2232 quae
2039 2160 2100 2216 in
2136 2156 2513 2215 interioribus
2549 2156 2690 2216 illo-

574 2276 704 2316 rum
751 2265 919 2327 sunt,
974 2273 1040 2314 se
1090 2257 1356 2314 referunt
1408 2259 1606 2314 omnia
1655 2256 1731 2315 ad
1776 2276 2037 2316 amorem
2100 2264 2159 2316 et
2208 2258 2413 2328 fidem,
2479 2259 2562 2315 ita
2615 2256 2693 2315 ad

576 2357 945 2416 voluntatem
986 2363 1046 2415 et
1084 2356 1485 2430 intellectum,
1551 2375 1685 2415 nam
1736 2358 2016 2416 voluntas
2070 2366 2128 2417 et
2165 2359 2504 2417 intellectus
2552 2366 2692 2416 sunt

571 2458 956 2535 receptacula
1001 2457 1274 2533 illorum,
1340 2460 1640 2516 exteriora
1688 2469 1889 2518 autem
1928 2460 2397 2535 correspondent
2434 2460 2684 2517 interio-

569 2561 770 2637 ribus;
845 2560 1004 2636 quod
1046 2562 1344 2618 exteriora
1386 2561 1893 2635 correspondeant
1938 2561 2351 2634 interioribuS,
2416 2560 2692 2619 videatur

570 2678 759 2738 supra
794 2681 860 2719 n:
916 2665 998 2720 87
1037 2660 1112 2718 ad
1153 2664 1228 2717 11
1252 2663 1310 2719 5.
1366 2660 1667 2718 Illustrari
1693 2661 1804 2720 hoc
1834 2669 2037 2737 potest
2073 2679 2147 2720 ex
2176 2662 2292 2720 illis
2323 2678 2475 2737 quae
2504 2678 2693 2739 supra

569 2761 644 2820 de
683 2761 896 2820 Calore
936 2769 995 2819 et
1030 2761 1195 2819 Luce
1235 2760 1402 2820 Coeli
1440 2760 1600 2819 dicta
1649 2768 1821 2830 sunt,
1890 2761 2049 2837 quod
2097 2762 2345 2837 Angelis
2398 2761 2576 2821 Calor
2611 2763 2692 2820 sit

568 2861 898 2920 secundum
967 2860 1146 2936 quale
1210 2863 1428 2917 amoris
1492 2860 1758 2934 illorum,
1817 2870 1876 2918 et
1930 2863 2059 2920 Lux
2122 2862 2451 2920 secundum
2509 2861 2688 2938 quale

573 2962 907 3035 sapientiae
945 2959 1214 3032 illorum,
1257 2960 1531 3017 videatur
1567 2978 1633 3019 n:
1697 2966 1723 3018 1
1746 2966 1832 3022 28
1867 2962 1941 3019 ad
1983 2964 2138 3021 134.
2221 2961 2509 3022 Similiter
2541 2962 2689 3022 reli-

568 3077 686 3136 qua
724 3077 878 3135 quae
916 3077 1113 3119 coram
1153 3059 1430 3118 sensibus
1470 3062 1842 3138 Angelorum
1869 3069 2180 3138 apparent.

729 3164 756 3218 l
781 3163 889 3219 74.
965 3159 1114 3219 Cum
1152 3159 1297 3217 mihi
1333 3160 1540 3220 datum
1578 3167 1671 3220 est
1707 3179 1842 3221 cum
1878 3162 2126 3238 Angelis
2167 3180 2303 3222 esse
2338 3165 2400 3222 in
2437 3179 2685 3223 consor·

565 3263 681 3335 tio,
739 3263 869 3319 visa
913 3261 1056 3318 mihi
1092 3241 1232 3319 sun't
1267 3260 1401 3331 illa,
1451 3279 1607 3338 quae
1645 3262 1756 3338 ibi,
1807 3280 2058 3340 prorsus
2102 3266 2258 3323 sicut
2290 3263 2396 3322 illa
2433 3282 2589 3340 quae
2625 3267 2689 3324 in

562 3362 814 3437 munde,
865 3369 924 3421 et
976 3369 1098 3420 tam
1134 3361 1636 3438 perceptibiliter,
1699 3369 1767 3420 ut
1808 3381 1924 3422 non
1972 3366 2247 3423 sciverim
2286 3365 2459 3424 aliter
2506 3383 2686 3442 quam

559 3463 724 3541 quod
763 3466 823 3522 in
859 3464 1076 3523 mundo
1115 3479 1349 3533 essem,
1414 3470 1474 3521 et
1514 3463 1596 3521 ibi
1628 3466 1692 3521 in
1728 3464 1868 3522 aula
1903 3464 2116 3541 Regis:
2172 3466 2460 3541 loquutus
2507 3468 2687 3527 etiam

562 3583 697 3624 cum
732 3565 881 3639 illis,
926 3568 1083 3625 sicut
1116 3564 1292 3622 homo
1333 3581 1466 3623 cum
1508 3565 1765 3623 homine.

726 3667 884 3723 175.
969 3664 1263 3741 Quoniam
1309 3666 1509 3722 omnia
1559 3682 1712 3740 quae
1759 3666 2142 3724 interioribus
2192 3666 2683 3742 correspondent,

565 3766 745 3823 etiam
779 3772 1239 3842 repraesentant
1277 3765 1415 3836 illa,
1464 3765 1602 3824 ideo
1633 3773 1924 3824 vocantur
1948 3765 2583 3844 Repnfflsl-:NTAT1VA3
2625 3774 2686 3826 et

562 3866 703 3940 quia
739 3866 1045 3922 variantur
1082 3864 1414 3922 secundum
1461 3871 1683 3923 statum
1739 3868 2088 3925 interiorum
2127 3867 2291 3943 apud
2324 3867 2486 3942 illos,
2547 3867 2684 3927 ideo

558 3970 847 4023 vocantur
906 3965 1380 4034 Arnum-ran,
1448 3967 1691 4040 tametsi
1751 3966 1858 4025 illa
1919 3985 2075 4042 quae
2131 3975 2429 4044 apparent
2483 3984 2686 4026 coram

559 4065 753 4124 oculis
781 4064 1151 4141 Angelorum
1182 4066 1244 4121 in
1283 4061 1513 4139 CoeliS,
1557 4072 1616 4124 et
1651 4069 2066 4143 percipiuntur
2101 4067 2379 4127 sensibus
2417 4067 2681 4143 illorum,

556 4167 644 4224 ita
680 4164 757 4223 ad
793 4165 994 4222 vivum
1032 4168 1333 4241 apparent
1361 4170 1421 4223 et
1454 4168 1899 4244 percipiuntur,
1938 4170 2092 4227 sicut
2119 4168 2225 4227 illa
2252 4185 2406 4243 quae
2441 4170 2504 4227 in
2534 4167 2684 4227 Tel-

558 4265 692 4325 lure
735 4265 809 4324 ab
850 4264 1106 4340 homine,
1154 4266 1271 4324 imo
1310 4265 1493 4326 multo
1542 4266 1778 4343 clariuS,
1848 4266 2180 4330 distinctius
2219 4274 2279 4328 et
2312 4268 2686 4346 perceptibi-
