3013 5114
593 450 704 524 ³40
1205 436 1299 491 DE
1341 433 1582 491 conLo
1628 430 1725 489 ΕΤ
1761 430 2098 497 JNFERNQ.

588 600 898 669 dicuntur,
942 611 1186 656 sensum
1224 593 1598 672 spiritualem
1630 595 1696 652 in
1733 607 1803 652 se
1838 589 2130 653 recondat
2165 587 2496 649 secundnm
2532 606 2717 667 quem

591 695 950 777 explicanda
995 703 1136 756 sunt
1179 696 1313 768 illa,
1366 712 1523 773 quae
1558 694 1620 753 in
1662 709 1849 753 sensu
1894 692 2109 752 literae
2145 690 2596 751 accommodate
2631 688 2716 749 ad

591 806 835 878 captum
868 796 1145 869 hominia,
1181 803 1243 859 et
1267 795 1600 859 secundnm
1626 795 1758 874 ejus
1783 795 2010 873 primas
2040 798 2102 853 et
2136 808 2487 854 communes
2521 789 2718 862 ideae,

590 901 752 964 dicta
788 904 948 959 sunt.
2444 943 2450 947 .

753 1001 915 1060 546.
991 999 1112 1078 Qui
1157 1001 1221 1059 in
1266 997 1668 1058 illustratione
1713 1003 1879 1071 sunt,
1946 994 2202 1055 ulterius
2255 993 2489 1068 vident,
2555 991 2719 1070 quod

590 1103 829 1163 Bonum
880 1106 943 1160 et
979 1101 1207 1161 Malum
1252 1103 1373 1160 sint
1426 1099 1548 1158 duo
1602 1098 1911 1176 opposita,
1979 1102 2041 1155 et
2089 1095 2250 1177 quod
2306 1097 2392 1154 ita
2437 1095 2723 1170 opposita

599 1206 721 1264 sint
754 1203 911 1263 sicut
946 1200 1195 1262 Coelum
1239 1207 1301 1260 et
1348 1200 1687 1274 Internum,
1755 1204 1816 1257 et
1863 1197 2023 1274 quod
2071 1213 2246 1256 omne
2292 1195 2528 1254 Bonum
2565 1196 2646 1254 sit
2684 1210 2721 1254 e

596 1303 819 1376 Coelo,
873 1309 935 1362 et
969 1320 1142 1363 omne
1177 1301 1407 1361 Malum
1443 1301 1520 1360 ab
1555 1300 1829 1366 Inferno;
1884 1305 1946 1357 et
1981 1299 2124 1376 quia
2156 1298 2444 1357 Divinum
2478 1295 2728 1356 Domini
2843 1318 2846 1325 ·

596 1406 743 1464 iacit
779 1403 1060 1478 coelum,
1115 1421 1187 1462 n:
1246 1408 1277 1461 7
1325 1402 1401 1461 ad
1450 1405 1572 1475 12,
1637 1399 1797 1478 quod
1841 1416 1879 1458 a
1924 1399 2182 1458 Domino
2219 1415 2341 1458 non
2387 1398 2504 1455 nisi
2541 1412 2724 1474 quam

592 1505 817 1565 bonum
865 1504 1073 1563 influat
1113 1503 1277 1581 apud
1320 1502 1651 1576 hominem,
1710 1505 1773 1561 et
1818 1498 1982 1577 quod
2034 1499 2109 1557 ab
2162 1499 2404 1558 Inferno
2450 1514 2572 1557 non
2604 1498 2725 1557 nisi
2775 1542 2790 1556 x

596 1621 777 1682 quam
824 1604 1076 1681 malum3
1148 1610 1210 1664 et
1247 1601 1408 1682 quod
1457 1604 1547 1663 sic
1585 1592 1880 1661 Dominus
1925 1600 2226 1660 hominem
2280 1600 2558 1658 continue
2606 1598 2722 1657 ab·
2832 1673 2842 1684 .

595 1705 779 1766 ducat
812 1722 849 1764 a
886 1704 1045 1764 malo
1063 1749 1079 1781 ‚
1143 1710 1204 1764 et
1239 1704 1423 1764 ducat
1463 1702 1541 1761 ad
1576 1703 1829 1776 bonum,
1887 1707 1948 1761 et
1989 1700 2150 1777 quod
2182 1699 2491 1760 Infernum
2522 1698 2725 1760 homi-

593 1823 733 1865 nem
770 1807 1049 1865 continue
1096 1806 1341 1866 inducat
1385 1806 1447 1863 in
1494 1803 1748 1863 malum:
1817 1804 1935 1861 nisi
1974 1801 2151 1861 homo
2195 1804 2351 1861 inter
2402 1806 2727 1878 utrumque

598 1912 794 1977 esset,
846 1923 964 1967 non
999 1907 1153 1967 foret
1188 1910 1247 1967 ei
1280 1906 1482 1984 aliqua
1519 1905 1802 1982 cogitatio
1820 1947 1839 1978 ‚
1889 1919 2003 1962 nec
2033 1902 2237 1979 aliqua
2269 1900 2570 1977 voluntate,
2609 1904 2727 1962 mi-

596 2024 711 2068 nus
751 2009 808 2067 ei
842 2007 1085 2084 aliquod
1120 2005 1407 2082 liberum,
1463 2013 1527 2066 et
1564 2005 1768 2082 aliqua
1814 2003 2033 2063 electio
2044 2023 2061 2079 ς
2116 2004 2315 2062 omnia
2361 2003 2519 2062 enim
2567 2002 2725 2064 hacc

595 2116 738 2168 sunt
770 2107 995 2167 homini
1023 2126 1113 2168 ex
1150 2108 1505 2184 aequilibrio
1533 2109 1689 2165 inter
1711 2105 1934 2164 bonum
1970 2110 2031 2163 et
2064 2104 2317 2163 malum:
2358 2110 2728 2183 quapropter

599 2211 653 2266 si
700 2208 993 2267 Dominus
1039 2214 1343 2267 averteret
1391 2206 1497 2281 Se,
1557 2212 1618 2265 et
1651 2206 1828 2265 homo
1874 2204 1989 2264 soli
2035 2204 2197 2264 malo
2246 2204 2494 2264 relictus
2547 2205 2724 2279 foret,

594 2324 716 2366 non
752 2306 1011 2383 amplius
1047 2306 1228 2366 homo
1276 2314 1461 2366 esset.
1541 2307 1633 2365 Ex
1667 2305 1762 2365 his
1804 2311 2005 2383 patet,
2062 2304 2221 2382 quod
2254 2305 2549 2364 Dominus
2588 2322 2727 2367 cum

599 2409 757 2467 bono
797 2406 1007 2465 influat
1053 2408 1216 2485 apud
1265 2424 1498 2467 omnem
1547 2407 1876 2481 hominem,
1943 2422 2139 2483 aeque
2184 2405 2348 2485 apud
2395 2405 2620 2474 malum
2653 2422 2728 2467 ac

603 2508 766 2588 apud
801 2508 1044 2581 bonum,
1080 2510 1191 2570 sed
1227 2526 1366 2570 cum
1392 2508 1745 2583 differentia,
1786 2506 1948 2586 quod
1980 2506 2280 2568 hominem
2314 2499 2538 2570 malum
2574 2524 2724 2569 con-

600 2613 769 2671 tinue
806 2609 1069 2670 abducat
1110 2629 1148 2670 a
1179 2611 1370 2680 malo,
1420 2618 1482 2671 et
1518 2609 1678 2688 quod
1711 2609 2012 2669 hominem
2046 2610 2266 2669 bonum
2298 2612 2575 2670 continue
2613 2608 2731 2669 du-

604 2721 705 2771 cat
747 2710 825 2770 ad
869 2711 1122 2789 bonum3
1179 2720 1242 2771 et
1284 2711 1445 2788 quod
1481 2727 1668 2770 causa
1703 2710 1842 2769 talis
1877 2709 2248 2771 differentiae
2297 2712 2376 2769 sit
2413 2711 2576 2788 apud
2610 2711 2728 2770 ho-

606 2814 826 2873 minem
847 2855 862 2886 ‚
920 2815 1063 2889 quia
1098 2819 1193 2873 est
1228 2814 1549 2889 recipiens,

767 2913 928 2972 547.
996 2913 1088 2972 Ex
1131 2913 1227 2972 his
1268 2905 1547 2976 constare
1587 2917 1823 2990 potest,
1878 2910 2038 2988 quod
2075 2910 2254 2970 homo
2292 2914 2513 2973 malum
2547 2914 2736 2973 faciat

609 3029 687 3070 ex
720 3010 996 3080 Inserno‚
1034 3020 1096 3072 et
1130 3014 1290 3089 quod
1325 3014 1548 3072 bonum
1583 3014 1764 3073 faciat
1803 3029 1878 3072 ex
1905 3013 2196 3088 Domin03
2233 3010 2344 3071 sed
2377 3017 2520 3092 quia
2551 3015 2733 3075 homo

611 3109 839 3179 credit,
891 3111 1051 3187 quod
1091 3113 1375 3189 quicquid
1418 3113 1564 3174 facit
1610 3130 1685 3173 ex
1733 3130 1802 3174 se
1850 3112 2062 3187 faciat,
2119 3111 2280 3189 quod
2314 3112 2451 3175 ideo
2486 3115 2729 3190 malum,

611 3210 771 3288 quod
819 3209 992 3284 facit,
1058 3213 1113 3270 ei
1160 3211 1489 3272 adhaereat
1535 3216 1691 3273 sicut
1730 3230 1910 3274 suum
1923 3234 1940 3291 3
1992 3205 2132 3274 'inde
2178 3219 2299 3290 est,
2359 3215 2519 3292 quod
2553 3215 2733 3279 homo

611 3314 692 3372 sit
725 3313 785 3370 in
823 3327 1009 3395 caupa
1042 3302 1362 3383 animali,
1424 3328 1495 3372 ac
1540 3313 1886 3374 nullatenus
1926 3314 2251 3374 Dominus:
2304 3316 2527 3377 malum
2571 3314 2735 3395 apud

611 3414 911 3474 hominem
949 3420 1042 3472 cst
1078 3414 1372 3475 infernum
1408 3413 1571 3491 apud
1601 3431 1772 3489 eum,
1810 3432 1945 3473 nam
1983 3417 2113 3476 sive
2150 3414 2318 3476 dicas
2345 3416 2570 3478 malum
2602 3419 2734 3477 sive

613 3515 905 3576 inferum]
927 3560 941 3589 ,
998 3514 1157 3575 idem
1193 3522 1315 3576 est:
1370 3532 1527 3574 nunc
1570 3517 1715 3592 quia
1747 3514 1924 3575 homo
1967 3522 2062 3575 est
2098 3518 2161 3575 in
2201 3533 2388 3577 causa
2432 3521 2529 3577 sui
2571 3517 2730 3593 mall,

613 3615 750 3676 ideo
801 3618 981 3675 etiam
1026 3616 1131 3676 ille
1177 3623 1369 3677 semet
1414 3616 1646 3676 inducit
1687 3618 1750 3675 in
1788 3616 2115 3691 infernum,
2171 3623 2233 3677 et
2266 3635 2383 3678 non
2417 3619 2733 3693 Dominus,

617 3721 678 3773 et·
723 3721 956 3774 tantum
993 3717 1171 3777 abest
1203 3717 1361 3794 quod
1386 3717 1684 3777 Dominus
1718 3717 1962 3777 inducat
1994 3715 2293 3778 hominem
2332 3720 2394 3777 in
2420 3719 2738 3792 infernum,

616 3818 686 3870 ut
724 3813 942 3875 liberet
994 3816 1293 3877 hominem
1342 3818 1419 3877 ab
1458 3819 1723 3888 inferno,
1791 3825 2080 3895 quant-um
2127 3819 2312 3878 homo*
2343 3838 2463 3880 non
2501 3820 2632 3879 vult
2675 3824 2737 3879 et

619 3917 782 3969 amat
829 3916 886 3971 in
935 3931 1046 3974 suo
1081 3917 1238 3976 malo
1292 3935 1458 3993 essm
1516 3936 1689 3979 omne
1737 3918 2061 3979 voluntatis
2109 3925 2170 3979 et
2221 3923 2441 3980 amoris
2481 3921 2736 3980 hominis

617 4019 822 4070 manet
855 4012 1016 4089 apud
1053 4015 1220 4074 illum
1256 4024 1395 4093 post
1429 4026 1713 4094 mortem,
1754 4036 1825 4078 n:
1868 4023 2011 4080 470
2044 4021 2122 4080 ad
2152 4024 2330 4093 484,
2384 4023 2487 4099 qui
2513 4022 2740 4080 malum

620 4111 753 4171 vult
789 4120 850 4171 et
888 4120 1049 4170 amat
1082 4117 1143 4172 in
1179 4116 1416 4190 mundo,
1454 4120 1508 4175 is
1543 4117 1700 4177 idem
1741 4119 1965 4179 malum
1993 4122 2125 4198 vult
2156 4128 2216 4181 et
2251 4127 2413 4180 amat
2447 4123 2506 4181 in
2545 4121 2742 4181 altera

621 4214 797 4284 vita,'
827 4213 902 4273 ab
944 4231 1016 4273 eo
1073 4221 1214 4275 tunc
1262 4234 1381 4275 non
1424 4217 1683 4295 amplius
1733 4235 1802 4278 se
1852 4220 2071 4282 abduci
2122 4224 2374 4301 patitur3
2441 4223 2578 4282 inde
2627 4228 2742 4293 est,

624 4314 784 4392 quod
815 4315 993 4377 homo
1036 4319 1138 4395 qui
1171 4319 1231 4375 in
1267 4317 1425 4377 malo
1463 4325 1586 4394 est,
1643 4319 1924 4415 alligat-us
1971 4325 2049 4381 sit
2083 4324 2341 4401 inferne,
2399 4330 2461 4385 et
2495 4340 2740 4407 quoque
