3013 5114
1438 268 1461 297 1

543 415 655 467 380
1161 400 1258 454 DE
1303 395 1542 453 COELO
1582 394 1679 452 ET
1716 391 2050 459 INFERNO.

541 576 611 613 n:
677 563 844 617 8321.
936 549 1108 631 Quod
1169 549 1317 605 nihil
1374 557 1586 602 noceat
1646 544 1803 621 quod
1866 543 2056 598 influit
2115 542 2174 596 in
2235 539 2681 613 cogitationem,

542 632 644 688 sed
684 631 840 705 quod
884 630 941 682 in
981 628 1359 700 voluntatem,
1403 623 1680 698 quoniam
1711 618 2279 693 hocrappropriatur
2309 616 2556 681 homini,
2600 633 2680 672 n:

693 781 861 849 Quod
897 780 1150 835 lnssuxus
1190 778 1512 834 commanis
1541 775 1659 840 sit,
1702 792 1772 834 na
1815 781 1988 835 5850.
2067 772 2242 850 Quod
2280 770 2384 824 ille
2421 770 2498 824 sit
2534 786 2676 839 con·

542 862 738 915 tinuus
778 868 1018 912 conatus
1059 855 1263 929 agendi
1307 852 1623 909 secundum
1665 850 1954 914 ordinem,
1997 866 2066 904 n:
2109 856 2279 910 6211.
2363 844 2534 924 Quod
2574 845 2679 898 illc

546 936 791 992 influxus
833 935 909 987 sit
948 934 1007 986 in
1049 934 1197 986 vitas
1242 931 1610 992 animalium,
1666 945 1735 982 n:
1796 933 1995 988 5850:
2044 927 2121 978 Et
2158 940 2397 999 quoque
2437 923 2496 975 in
2542 921 2681 975 sub-

546 1017 693 1081 jecta
730 1012 913 1083 Regni
949 1007 1325 1082 vegetabilis,
1369 1025 1438 1061 nx
1482 1013 1654 1066 3648.
1735 1003 1906 1081 Quod
1941 1002 2117 1055 etiam
2153 999 2471 1056 secundnm
2509 997 2680 1052 influ-

547 1108 679 1145 xum
727 1103 1095 1142 communem
1148 1084 1314 1138 cadat
1354 1082 1633 1156 cogitatio
1690 1081 1750 1134 in
1804 1078 2131 1152 loquelam,
2196 1089 2256 1133 ct
2306 1075 2576 1130 voluntas
2617 1075 2684 1128 in

545 1166 806 1220 actiones
848 1174 906 1218 et
937 1172 1132 1235 gestus
1167 1159 1320 1230 apud
1353 1158 1680 1221 hominem,
1724 1173 1793 1211 n:
1840 1162 2013 1215 5862.
2051 1162 2220 1215 5990.
2255 1159 2427 1214 6192.
2463 1159 2638 1212 6211.

703 1245 786 1294 Dr:
829 1242 1171 1294 Sus-mons.-
1194 1235 1627 1307 Quodspiritus
1661 1250 1693 1285 a
1721 1230 2100 1285 societatibus
2136 1231 2446 1302 spirituum
2480 1227 2678 1280 emissi

548 1319 620 1373 ad
653 1318 794 1371 alias
835 1316 1173 1378 societates,
1215 1324 1336 1366 tum
1378 1312 1449 1365 ad
1494 1310 1724 1382 aliquos
1767 1308 2041 1379 spiritus,
2083 1307 2354 1361 dicantur
2394 1303 2677 1372 subiecta,

550 1414 619 1451 na
665 1403 835 1456 4403.
872 1400 1041 1453 5856.
1122 1389 1295 1467 Quod
1329 1385 1886 1441 communicationes
1928 1384 1988 1436 in
2029 1383 2211 1438 astera
2245 1384 2364 1443 vita
2387 1381 2534 1439 fiant
2569 1397 2684 1452 per

548 1470 690 1523 tales
725 1468 1055 1524 emissarios
1093 1466 1362 1538 spiritus,
1405 1483 1474 1517 n:
1521 1471 1692 1524 4403.
1736 1468 1907 1522 5856.
1945 1467 2113 1520 5983.
2195 1458 2367 1537 Quod
2409 1450 2675 1530 spiritus,

552 1545 651 1618 qui
697 1546 938 1600 emissus
990 1542 1236 1596 inservit
1281 1557 1392 1614 pro
1441 1539 1739 1605 subjecto,
1803 1554 1923 1590 non
1961 1536 2181 1610 cogitet
2220 1552 2289 1589 ex
2330 1552 2424 1598 se,
2466 1532 2568 1587 sed
2611 1550 2684 1586 cx

555 1621 670 1676 illis
698 1640 730 1675 a
763 1620 978 1693 quibus
1011 1618 1272 1681 emissus,
1316 1635 1383 1672 na
1432 1623 1602 1676 5985.
1640 1622 1809 1675 5986.
1851 1620 2026 1673 5987.
2089 1613 2263 1666 Plura
2302 1609 2377 1666 <Ie
2409 1610 2529 1665 illis
2562 1611 2681 1682 spi·

552 1696 785 1762 ritibus,
814 1700 896 1749 ‘na
941 1702 1108 1756 5988.
1146 1701 1313 1755 5988.

1434 2027 1797 2096 Funus.
