3013 5114
584 428 691 481 252
1175 415 1270 470 DE
1314 414 1550 471 coELo
1592 413 1686 467 ET
1726 413 2065 475 INFERNO.

584 596 659 643 ex
693 577 846 651 illis,
904 580 1274 651 quapropter
1310 575 1593 652 quicquid
1625 574 1805 634 homo
1840 574 2121 650 intelligit
2169 578 2231 632 et
2273 573 2412 631 inde
2459 574 2702 649 cogitat,

581 678 695 737 hoc
734 676 875 734 dicit
908 693 1147 750 verum,
1205 681 1264 734 et
1301 676 1585 753 quicquid
1621 676 1798 734 homo
1835 675 1964 734 vult
2006 680 2067 734 et
2101 674 2239 733 inde
2275 674 2528 750 cogitat,
2584 673 2705 732 hoe

582 778 727 838 dicit
759 776 1016 835 bonum:
1067 776 1243 835 homo
1279 764 1482 852 potest
1519 779 1780 854 cogitare
1819 793 1894 836 ex
1923 775 2266 848 intellectu,
2321 780 2381 834 et
2412 774 2548 834 inde
2587 791 2705 850 ap-

581 879 899 956 percipere
938 876 1096 952 quod
1144 895 1353 936 verum
1387 882 1492 953 sit,
1551 884 1612 936 et
1647 894 1885 954 quoque
1936 876 2095 952 quod
2137 876 2387 952 bonum3
2444 874 2553 934 sed
2596 891 2707 934 us·-

583 995 701 1056 que
728 978 790 1036 id
819 994 936 1035 non
973 980 1196 1054 cogitat
1233 995 1304 1037 ex
1336 974 1675 1052 voluntate,
1715 980 1830 1037 nisi
1854 977 2001 1036 velit
2025 976 2175 1036 illud
2220 981 2280 1036 et
2313 977 2494 1035 faciat
2521 975 2702 1051 illud3

584 1096 719 1138 cum
758 1077 888 1136 vult
930 1077 1079 1136 illud
1119 1085 1180 1136 et
1219 1095 1294 1138 ex
1330 1078 1489 1138 velle
1530 1080 1677 1138 facit
1710 1077 1887 1153 illud,
1945 1086 2083 1137 tunc
2122 1083 2215 1138 est
2258 1077 2320 1135 id
2352 1084 2472 1135 tam
2512 1079 2570 1134 in
2606 1078 2703 1134 in-

582 1179 828 1238 tellectu
867 1197 1043 1254 quam
1094 1182 1153 1237 in
1199 1178 1540 1255 voluntate,
1594 1178 1846 1257 proinde
1887 1182 1948 1238 in
1995 1179 2263 1253 homine,
2320 1195 2456 1236 nam
2510 1176 2703 1236 Intel-

582 1281 777 1340 lectus
810 1279 975 1338 solus
1011 1297 1130 1338 non
1165 1281 1306 1338 facit
1331 1280 1662 1355 hominem,
1716 1297 1825 1339 nec
1867 1280 2144 1338 voluntas
2181 1277 2341 1349 sola,
2380 1278 2487 1337 sed
2523 1277 2705 1335 intel-

582 1380 776 1440 lectus
815 1386 876 1439 et
908 1380 1185 1438 voluntas
1221 1381 1425 1450 simul,
1464 1389 1830 1457 quapropter
1858 1381 2018 1456 quod
2055 1386 2147 1440 est
2183 1383 2242 1438 in
2278 1385 2551 1454 utroque,
2590 1378 2709 1436 hoc

584 1483 649 1540 in
680 1479 917 1538 homine
970 1487 1096 1553 est,
1153 1496 1223 1538 ac
1275 1483 1327 1540 ei
1381 1483 1834 1557 appropriatum
1852 1501 1868 1557 3
1926 1481 2083 1557 quod
2131 1480 2323 1540 solum
2374 1483 2566 1538 estin
2613 1482 2710 1537 in-

582 1579 866 1652 tellectu,
918 1581 1031 1638 hoc
1071 1580 1310 1655 quidem
1350 1589 1447 1641 est
1482 1582 1644 1658 apud
1685 1581 2016 1656 hominem,
2058 1581 2166 1642 sed
2201 1599 2319 1641 non
2355 1581 2573 1655 inmo,
2614 1586 2713 1639 est

585 1681 763 1738 modo
816 1697 917 1740 res
970 1683 1294 1740 memoriae
1333 1683 1494 1760 ejuS‚
1561 1699 1630 1743 ac
1673 1699 1771 1741 res
1824 1685 2111 1742 scientiae.
2158 1685 2219 1740 in
2266 1682 2580 1750 memoria,
2634 1679 2710 1739 de

586 1798 707 1857 qua
750 1787 957 1859 potest
990 1784 1256 1858 cogitare
1293 1800 1424 1842 cum
1463 1800 1581 1842 non
1610 1787 1671 1842 in
1700 1801 1766 1842 se
1806 1792 1917 1854 est,
1953 1783 2060 1843 sed
2092 1789 2262 1843 extra
2288 1798 2356 1842 se
2385 1798 2517 1842 cum
2556 1780 2711 1857 aliis,

583 1882 670 1940 ita
719 1881 792 1940 de
844 1900 961 1958 qua
1004 1888 1207 1959 potest
1244 1882 1411 1967 loqui
1465 1891 1525 1943 et
1564 1887 1935 1960 ratiocinari,
1999 1891 2060 1943 et
2107 1900 2344 1962 quoque
2381 1882 2712 1943 secundum

582 1999 761 2058 quam
787 1983 1069 2042 simulare
1107 1984 1450 2045 affectiones
1490 1991 1550 2044 et
1582 1991 1810 2062 gestus.

737 2086 901 2141 424.
960 2083 1134 2159 Quod
1177 2085 1353 2143 homo
1406 2087 1604 2162 possit
1641 2089 1906 2162 cogitare
1958 2103 2031 2144 ex
2087 2083 2425 2158 intellectu,
2484 2089 2545 2143 et
2591 2100 2714 2142 non

584 2181 762 2241 simul
799 2200 872 2240 ex
920 2183 1263 2258 voluntate,
1322 2191 1415 2243 est
1460 2188 1772 2260 provisum
1811 2186 1886 2246 ob
1922 2185 2134 2258 finem,
2168 2192 2254 2244 ‘ut
2289 2187 2483 2261 possit
2514 2184 2711 2243 refor-

582 2282 731 2339 mari
746 2300 762 2356 3
818 2299 956 2339 nam
1004 2281 1182 2340 homo
1231 2301 1341 2360 per
1389 2302 1535 2343 vera
1583 2287 1967 2362 reformatur,
2029 2293 2089 2346 et
2139 2304 2319 2358 vera,
2371 2291 2439 2344 ut
2490 2286 2716 2344 dictum

583 2387 707 2451 est,
762 2389 902 2440 sunt
937 2383 1318 2444 intellectus:
1391 2385 1568 2444 homo
1625 2388 1779 2445 enim
1833 2390 2101 2446 nascitur
2144 2390 2207 2445 in
2264 2403 2434 2445 omne
2489 2386 2717 2445 malum

581 2483 779 2561 quoad
816 2479 1227 2556 voluntatem,
1281 2485 1416 2544 inde
1453 2504 1570 2544 non
1611 2487 1786 2546 alicui
1822 2486 2045 2546 bonum
2072 2488 2198 2547 vult
2240 2505 2315 2546 ex
2351 2504 2416 2547 se
2454 2487 2561 2546 sed
2595 2487 2716 2545 sibi

578 2584 721 2661 soli,
778 2592 839 2645 et
876 2587 980 2664 qui
1031 2585 1146 2645 sibi
1193 2588 1307 2647 soli
1335 2587 1558 2647 bonum
1592 2590 1752 2659 vult,
1790 2590 2124 2649 delectatur
2160 2589 2333 2647 malis
2372 2606 2527 2665 quae
2563 2587 2717 2647 fiunt

581 2686 754 2757 aliis,
806 2689 1103 2763 imprimis
1142 2695 1394 2765 propter
1434 2706 1501 2748 se
1521 2708 1537 2765 3
1593 2690 1723 2749 vult
1761 2693 1914 2750 enim
1943 2691 2216 2750 derivare
2252 2692 2314 2748 in
2349 2705 2416 2749 se
2452 2691 2716 2748 omnium

582 2787 835 2846 aliorum
872 2787 1059 2859 bona,
1124 2790 1252 2847 sive
1298 2790 1417 2847 sint
1462 2769 1722 2849 honores
1773 2794 1899 2850 sive
1937 2808 2114 2867 opes»,
2179 2797 2240 2850 et
2278 2796 2564 2867 quantum
2597 2789 2716 2848 hoc

584 2893 818 2964 potest,
869 2890 928 2944 in
965 2903 1033 2944 se
1070 2887 1363 2947 laetatur:
1421 2895 1490 2947 ut
1533 2890 1645 2949 hoc
1682 2891 2079 2950 voluntarium
2120 2891 2469 2951 emendetur
2506 2895 2567 2950 et
2608 2907 2712 2949 re-

581 2987 899 3056 formetur,
946 2987 1154 3045 datum
1200 2997 1292 3047 est
1327 2989 1568 3063 homini,
1622 2998 1684 3048 ut
1720 2994 1910 3068 possit
1944 2992 2277 3070 intelligere
2304 3009 2477 3067 vera,
2518 2997 2578 3051 et
2601 3008 2718 3068 per

578 3087 685 3146 illa
721 3088 1069 3146 affectiones
1108 3088 1283 3162 mali,
1342 3107 1498 3165 quae
1542 3095 1875 3151 scaturiunt
1913 3110 1986 3150 ex
2028 3092 2371 3164 voluntate,
2433 3092 2714 3152 domare:

581 3187 721 3247 inde
773 3192 897 3260 est,
960 3188 1122 3262 quod
1165 3187 1343 3249 homo
1397 3194 1592 3265 possit
1640 3181 1914 3269 cogitare
1952 3209 2023 3253 ex
2063 3194 2375 3253 intellectu
2424 3210 2613 3274 vera„
2653 3198 2719 3252 et

585 3307 825 3368 quoque
862 3288 1029 3366 loqui
1063 3288 1196 3363 illa,
1254 3296 1315 3348 et
1349 3291 1551 3351 facere
1582 3292 1721 3368 illa,
1778 3292 1889 3351 sed
1916 3311 2110 3371 usque
2145 3312 2264 3354 non
2299 3301 2503 3371 potest
2542 3295 2712 3372 cogi-

583 3400 713 3452 tare
761 3390 869 3450 illa
914 3406 989 3450 ex
1037 3390 1383 3466 voluntate,
1439 3393 1793 3469 priusquam
1847 3393 1986 3453 talis
2036 3401 2156 3468 est,
2209 3401 2278 3453 ut
2325 3412 2395 3456 ex
2442 3411 2509 3455 se
2523 3438 2541 3470 ,
2593 3395 2715 3456 hoc

586 3500 706 3569 est,
764 3511 839 3553 ex
878 3491 1056 3552 corde
1092 3491 1239 3551 velit
1272 3491 1382 3551 illa
1414 3499 1474 3551 et
1508 3493 1691 3552 faciat
1732 3494 1867 3553 illa:
1924 3497 2161 3571 quando
2196 3496 2374 3556 homo
2420 3496 2560 3556 talis
2597 3502 2712 3570 est,

581 3602 725 3653 tunc
772 3611 926 3670 quae
980 3595 1204 3671 cogitat
1254 3610 1329 3653 ex
1374 3595 1684 3654 intellectu
1735 3602 1875 3654 sunt
1908 3596 2051 3657 fidei
2088 3598 2219 3675 ejus
2234 3642 2250 3673 ,
2309 3605 2372 3656 et
2407 3614 2564 3675 quae
2601 3613 2709 3657 co-

583 3695 735 3782 gitat
780 3711 856 3754 ex
889 3696 1198 3755 voluntate
1241 3700 1381 3753 sunt
1424 3698 1645 3756 amoris
1686 3696 1818 3774 ejus
1838 3741 1856 3772 ,
1921 3703 2294 3775 quapropter
2335 3698 2499 3775 apud
2534 3698 2706 3758 illum

583 3801 727 3852 tunc
780 3811 847 3854 se
901 3796 1267 3873 conjungunt
1312 3797 1463 3857 fides
1521 3804 1580 3858 et
1634 3814 1828 3873 amor,
1885 3801 2044 3859 sicut
2095 3798 2438 3860 intellectus
2492 3806 2554 3859 et
2595 3816 2711 3859 vo-

582 3893 803 3953 luntas.

744 3995 907 4052 425.
969 3994 1274 4070 Quantum
1321 3999 1527 4075 itaque
1562 4015 1708 4059 vera
1745 4017 1901 4077 quae
1953 4000 2296 4060 intellectus
2333 4007 2504 4077 sunt,
2564 4018 2715 4061 con-

575 4097 787 4174 juncta
838 4099 979 4152 sunt
1029 4093 1201 4154 bonis
1256 4114 1413 4174 quae
1465 4099 1827 4176 voluntatis,
1883 4104 1968 4160 ita
2010 4108 2297 4178 quantum
2349 4103 2528 4162 homo
2581 4102 2718 4161 vult

586 4212 734 4255 vera
784 4200 845 4254 et
889 4193 1027 4254 inde
1076 4195 1220 4255 facit
1262 4196 1395 4273 illa,
1450 4203 1681 4257 tantum
1733 4198 1912 4261 homo
1969 4203 2221 4263 Coelum
2288 4206 2348 4262 in
2398 4219 2467 4263 se
2507 4202 2713 4277 habet,

587 4297 728 4377 quia
761 4301 830 4355 ut
880 4312 1066 4375 supra
1102 4295 1324 4357 dictum
1373 4304 1497 4375 est,
1564 4300 1900 4378 conjunctio
1947 4302 2088 4363 boni
2137 4310 2197 4364 et
2243 4306 2371 4365 veri
2417 4310 2512 4363 est
2549 4302 2711 4364 Coe-
