<?xml version="1.0" encoding="UTF-8"?>
<!DOCTYPE html PUBLIC "-//W3C//DTD XHTML 1.0 Transitional//EN"
    "http://www.w3.org/TR/xhtml1/DTD/xhtml1-transitional.dtd">
<html xmlns="http://www.w3.org/1999/xhtml" xml:lang="en" lang="en">
 <head>
  <title>
</title>
<meta http-equiv="Content-Type" content="text/html;charset=utf-8" />
  <meta name='ocr-system' content='tesseract 3.04.00' />
  <meta name='ocr-capabilities' content='ocr_page ocr_carea ocr_par ocr_line ocrx_word'/>
</head>
<body>
  <div class='ocr_page' id='page_1' title='image "./decoeloetejusmi00tafegoog_0262.png"; bbox 0 0 3013 5114; ppageno 0'>
   <div class='ocr_carea' id='block_1_1' title="bbox 545 382 2060 457">
    <p class='ocr_par' dir='ltr' id='par_1_1' title="bbox 545 382 2060 457">
     <span class='ocr_line' id='line_1_1' title="bbox 545 382 2060 457; baseline -0.013 0"><span class='ocrx_word' id='word_1_1' title='bbox 545 403 678 457; x_wconf 74' lang='lat'><strong>-256</strong></span> <span class='ocrx_word' id='word_1_2' title='bbox 1178 391 1274 446; x_wconf 83' lang='lat' dir='ltr'><strong>DE</strong></span> <span class='ocrx_word' id='word_1_3' title='bbox 1318 385 1553 445; x_wconf 88' lang='lat' dir='ltr'>COELO</span> <span class='ocrx_word' id='word_1_4' title='bbox 1596 385 1690 441; x_wconf 86' lang='lat' dir='ltr'><strong>ET</strong></span> <span class='ocrx_word' id='word_1_5' title='bbox 1728 382 2060 440; x_wconf 85' lang='lat' dir='ltr'><strong>INFERNO.</strong></span> 
     </span>
    </p>
   </div>
   <div class='ocr_carea' id='block_1_2' title="bbox 566 542 2694 830">
    <p class='ocr_par' dir='ltr' id='par_1_2' title="bbox 566 542 2694 830">
     <span class='ocr_line' id='line_1_2' title="bbox 723 542 2692 627; baseline -0.004 -17"><span class='ocrx_word' id='word_1_6' title='bbox 723 553 886 611; x_wconf 87' lang='grc'><strong>431.</strong></span> <span class='ocrx_word' id='word_1_7' title='bbox 962 550 1059 610; x_wconf 86' lang='grc' dir='ltr'><strong>11Ιί</strong></span> <span class='ocrx_word' id='word_1_8' title='bbox 1097 552 1198 627; x_wconf 91' lang='lat' dir='ltr'><strong>qui</strong></span> <span class='ocrx_word' id='word_1_9' title='bbox 1233 551 1295 608; x_wconf 91' lang='lat' dir='ltr'><strong>in</strong></span> <span class='ocrx_word' id='word_1_10' title='bbox 1328 547 1557 608; x_wconf 88' lang='lat' dir='ltr'><strong>Mundo</strong></span> <span class='ocrx_word' id='word_1_11' title='bbox 1591 547 1907 624; x_wconf 81' lang='lat' dir='ltr'><strong>spirituum</strong></span> <span class='ocrx_word' id='word_1_12' title='bbox 1944 549 2114 613; x_wconf 86' lang='lat' dir='ltr'><strong>sunt,</strong></span> <span class='ocrx_word' id='word_1_13' title='bbox 2163 543 2225 602; x_wconf 90' lang='lat' dir='ltr'><strong>in</strong></span> <span class='ocrx_word' id='word_1_14' title='bbox 2260 542 2692 619; x_wconf 87' lang='lat' dir='ltr'><strong>praecedenti-</strong></span> 
     </span>
     <span class='ocr_line' id='line_1_3' title="bbox 566 644 2694 728; baseline -0.004 -12"><span class='ocrx_word' id='word_1_15' title='bbox 566 655 680 716; x_wconf 86' lang='lat' dir='ltr'><strong>bus</strong></span> <span class='ocrx_word' id='word_1_16' title='bbox 719 651 1010 713; x_wconf 83' lang='lat' dir='ltr'><strong>intellecti</strong></span> <span class='ocrx_word' id='word_1_17' title='bbox 1052 658 1194 710; x_wconf 91' lang='lat' dir='ltr'><strong>sunt</strong></span> <span class='ocrx_word' id='word_1_18' title='bbox 1227 668 1337 728; x_wconf 90' lang='lat' dir='ltr'><strong>per</strong></span> <span class='ocrx_word' id='word_1_19' title='bbox 1373 648 1667 728; x_wconf 76' lang='lat' dir='ltr'><strong>SpirituS,</strong></span> <span class='ocrx_word' id='word_1_20' title='bbox 1720 647 1826 706; x_wconf 91' lang='lat' dir='ltr'><strong>ubi</strong></span> <span class='ocrx_word' id='word_1_21' title='bbox 1858 644 2175 721; x_wconf 89' lang='lat' dir='ltr'><strong>nominati,</strong></span> <span class='ocrx_word' id='word_1_22' title='bbox 2234 649 2295 703; x_wconf 91' lang='lat' dir='ltr'><strong>at</strong></span> <span class='ocrx_word' id='word_1_23' title='bbox 2333 662 2448 720; x_wconf 87' lang='lat' dir='ltr'><strong>per</strong></span> <span class='ocrx_word' id='word_1_24' title='bbox 2480 645 2694 724; x_wconf 88' lang='lat' dir='ltr'><strong>Ange-</strong></span> 
     </span>
     <span class='ocr_line' id='line_1_4' title="bbox 566 751 1282 830; baseline -0.008 -14"><span class='ocrx_word' id='word_1_25' title='bbox 566 757 662 816; x_wconf 87' lang='lat' dir='ltr'><strong>los</strong></span> <span class='ocrx_word' id='word_1_26' title='bbox 697 754 784 814; x_wconf 91' lang='lat' dir='ltr'><strong>illi</strong></span> <span class='ocrx_word' id='word_1_27' title='bbox 822 755 925 830; x_wconf 92' lang='lat' dir='ltr'><strong>qui</strong></span> <span class='ocrx_word' id='word_1_28' title='bbox 968 755 1030 812; x_wconf 88' lang='lat' dir='ltr'><strong>in</strong></span> <span class='ocrx_word' id='word_1_29' title='bbox 1077 751 1282 813; x_wconf 90' lang='lat' dir='ltr'><strong>Coelo.</strong></span> 
     </span>
    </p>
   </div>
   <div class='ocr_carea' id='block_1_3' title="bbox 669 915 2587 1119">
    <p class='ocr_par' dir='ltr' id='par_1_3' title="bbox 669 915 2587 1119">
     <span class='ocr_line' id='line_1_5' title="bbox 669 915 2587 1024; baseline -0.004 -29"><span class='ocrx_word' id='word_1_30' title='bbox 669 921 930 1024; x_wconf 81' lang='lat' dir='ltr'><strong>Quod</strong></span> <span class='ocrx_word' id='word_1_31' title='bbox 983 920 1621 1017; x_wconf 82' lang='lat' dir='ltr'>Unusquisque</span> <span class='ocrx_word' id='word_1_32' title='bbox 1674 921 1949 991; x_wconf 88' lang='lat' dir='ltr'>Homo</span> <span class='ocrx_word' id='word_1_33' title='bbox 2006 918 2126 989; x_wconf 87' lang='lat' dir='ltr'><strong>sit</strong></span> <span class='ocrx_word' id='word_1_34' title='bbox 2183 915 2587 1016; x_wconf 86' lang='lat' dir='ltr'><strong>Spiritus</strong></span> 
     </span>
     <span class='ocr_line' id='line_1_6' title="bbox 1107 1021 2144 1119; baseline -0.005 -26"><span class='ocrx_word' id='word_1_35' title='bbox 1107 1021 1407 1119; x_wconf 85' lang='lat' dir='ltr'><strong>quoad</strong></span> <span class='ocrx_word' id='word_1_36' title='bbox 1460 1021 1917 1092; x_wconf 84' lang='lat' dir='ltr'><strong>interiora</strong></span> <span class='ocrx_word' id='word_1_37' title='bbox 1971 1045 2144 1090; x_wconf 89' lang='lat' dir='ltr'><strong>sua.</strong></span> 
     </span>
    </p>
   </div>
   <div class='ocr_carea' id='block_1_4' title="bbox 534 1151 2701 4358">
    <p class='ocr_par' dir='ltr' id='par_1_4' title="bbox 564 1151 2701 3043">
     <span class='ocr_line' id='line_1_7' title="bbox 726 1151 2694 1234; baseline -0.003 -16"><span class='ocrx_word' id='word_1_38' title='bbox 726 1160 888 1218; x_wconf 84' lang='lat'><strong>432.</strong></span> <span class='ocrx_word' id='word_1_39' title='bbox 980 1155 1097 1234; x_wconf 81' lang='lat' dir='ltr'><strong>Qui</strong></span> <span class='ocrx_word' id='word_1_40' title='bbox 1153 1158 1265 1216; x_wconf 89' lang='lat' dir='ltr'><strong>rite</strong></span> <span class='ocrx_word' id='word_1_41' title='bbox 1314 1154 1631 1232; x_wconf 85' lang='lat' dir='ltr'><strong>expendit,</strong></span> <span class='ocrx_word' id='word_1_42' title='bbox 1704 1171 1885 1214; x_wconf 87' lang='lat' dir='ltr'><strong>nosse</strong></span> <span class='ocrx_word' id='word_1_43' title='bbox 1929 1160 2167 1231; x_wconf 91' lang='lat' dir='ltr'><strong>potest,</strong></span> <span class='ocrx_word' id='word_1_44' title='bbox 2244 1151 2403 1229; x_wconf 92' lang='lat' dir='ltr'><strong>quod</strong></span> <span class='ocrx_word' id='word_1_45' title='bbox 2454 1151 2694 1230; x_wconf 85' lang='lat' dir='ltr'><strong>Corpus</strong></span> 
     </span>
     <span class='ocr_line' id='line_1_8' title="bbox 570 1249 2701 1337; baseline -0.005 -15"><span class='ocrx_word' id='word_1_46' title='bbox 570 1279 689 1322; x_wconf 89' lang='lat' dir='ltr'><strong>non</strong></span> <span class='ocrx_word' id='word_1_47' title='bbox 735 1261 989 1337; x_wconf 80' lang='lat' dir='ltr'><strong>cogitet,</strong></span> <span class='ocrx_word' id='word_1_48' title='bbox 1043 1260 1185 1334; x_wconf 89' lang='lat' dir='ltr'><strong>quia</strong></span> <span class='ocrx_word' id='word_1_49' title='bbox 1233 1264 1326 1316; x_wconf 88' lang='lat' dir='ltr'><strong>est</strong></span> <span class='ocrx_word' id='word_1_50' title='bbox 1376 1255 1717 1331; x_wconf 87' lang='lat' dir='ltr'><strong>materiale,</strong></span> <span class='ocrx_word' id='word_1_51' title='bbox 1784 1255 1894 1315; x_wconf 88' lang='lat' dir='ltr'><strong>sed</strong></span> <span class='ocrx_word' id='word_1_52' title='bbox 1944 1255 2103 1331; x_wconf 91' lang='lat' dir='ltr'><strong>quod</strong></span> <span class='ocrx_word' id='word_1_53' title='bbox 2143 1249 2361 1315; x_wconf 89' lang='lat' dir='ltr'><strong>Anima</strong></span> <span class='ocrx_word' id='word_1_54' title='bbox 2409 1255 2551 1331; x_wconf 91' lang='lat' dir='ltr'><strong>quia</strong></span> <span class='ocrx_word' id='word_1_55' title='bbox 2594 1259 2701 1314; x_wconf 85' lang='lat' dir='ltr'><strong>est</strong></span> 
     </span>
     <span class='ocr_line' id='line_1_9' title="bbox 572 1354 2698 1439; baseline -0.005 -16"><span class='ocrx_word' id='word_1_56' title='bbox 572 1360 904 1439; x_wconf 83' lang='lat' dir='ltr'><strong>spiritualis</strong></span> <span class='ocrx_word' id='word_1_57' title='bbox 917 1379 934 1435; x_wconf 81' lang='lat'><em>3</em></span> <span class='ocrx_word' id='word_1_58' title='bbox 1003 1359 1221 1418; x_wconf 88' lang='lat' dir='ltr'><strong>Anima</strong></span> <span class='ocrx_word' id='word_1_59' title='bbox 1267 1357 1552 1431; x_wconf 89' lang='lat' dir='ltr'><strong>hominis,</strong></span> <span class='ocrx_word' id='word_1_60' title='bbox 1625 1357 1698 1416; x_wconf 90' lang='lat' dir='ltr'><strong>de</strong></span> <span class='ocrx_word' id='word_1_61' title='bbox 1753 1357 1923 1434; x_wconf 85' lang='lat' dir='ltr'><strong>cujus</strong></span> <span class='ocrx_word' id='word_1_62' title='bbox 1985 1355 2426 1415; x_wconf 83' lang='lat' dir='ltr'><strong>immortalitate</strong></span> <span class='ocrx_word' id='word_1_63' title='bbox 2483 1354 2698 1431; x_wconf 84' lang='lat' dir='ltr'><strong>plures</strong></span> 
     </span>
     <span class='ocr_line' id='line_1_10' title="bbox 573 1453 2696 1539; baseline -0.004 -17"><span class='ocrx_word' id='word_1_64' title='bbox 573 1465 975 1539; x_wconf 87' lang='lat' dir='ltr'><strong>scripserunt,</strong></span> <span class='ocrx_word' id='word_1_65' title='bbox 1025 1466 1117 1519; x_wconf 91' lang='lat' dir='ltr'><strong>est</strong></span> <span class='ocrx_word' id='word_1_66' title='bbox 1151 1460 1397 1534; x_wconf 89' lang='lat' dir='ltr'><strong>spiritus</strong></span> <span class='ocrx_word' id='word_1_67' title='bbox 1437 1458 1598 1535; x_wconf 88' lang='lat' dir='ltr'><strong>ejus,</strong></span> <span class='ocrx_word' id='word_1_68' title='bbox 1654 1458 1751 1517; x_wconf 91' lang='lat' dir='ltr'><strong>hic</strong></span> <span class='ocrx_word' id='word_1_69' title='bbox 1789 1459 1941 1516; x_wconf 92' lang='lat' dir='ltr'><strong>enim</strong></span> <span class='ocrx_word' id='word_1_70' title='bbox 1973 1457 2324 1517; x_wconf 87' lang='lat' dir='ltr'><strong>immortalis</strong></span> <span class='ocrx_word' id='word_1_71' title='bbox 2361 1461 2456 1515; x_wconf 86' lang='lat' dir='ltr'><strong>est</strong></span> <span class='ocrx_word' id='word_1_72' title='bbox 2491 1453 2696 1533; x_wconf 87' lang='lat' dir='ltr'><strong>quoad</strong></span> 
     </span>
     <span class='ocr_line' id='line_1_11' title="bbox 573 1558 2694 1636; baseline -0.004 -14"><span class='ocrx_word' id='word_1_73' title='bbox 573 1564 773 1623; x_wconf 89' lang='lat' dir='ltr'><strong>omnia</strong></span> <span class='ocrx_word' id='word_1_74' title='bbox 807 1576 947 1635; x_wconf 88' lang='lat' dir='ltr'><strong>sua,</strong></span> <span class='ocrx_word' id='word_1_75' title='bbox 1001 1560 1099 1619; x_wconf 86' lang='lat' dir='ltr'><strong>hic</strong></span> <span class='ocrx_word' id='word_1_76' title='bbox 1136 1576 1371 1636; x_wconf 88' lang='lat' dir='ltr'><strong>quoque</strong></span> <span class='ocrx_word' id='word_1_77' title='bbox 1415 1565 1509 1618; x_wconf 91' lang='lat' dir='ltr'><strong>est</strong></span> <span class='ocrx_word' id='word_1_78' title='bbox 1552 1561 1655 1635; x_wconf 90' lang='lat' dir='ltr'><strong>qui</strong></span> <span class='ocrx_word' id='word_1_79' title='bbox 1695 1560 1917 1635; x_wconf 85' lang='lat' dir='ltr'><strong>cogitat</strong></span> <span class='ocrx_word' id='word_1_80' title='bbox 1950 1560 2012 1616; x_wconf 90' lang='lat' dir='ltr'><strong>in</strong></span> <span class='ocrx_word' id='word_1_81' title='bbox 2048 1574 2329 1635; x_wconf 90' lang='lat' dir='ltr'><strong>corpore,</strong></span> <span class='ocrx_word' id='word_1_82' title='bbox 2384 1574 2524 1615; x_wconf 88' lang='lat' dir='ltr'><strong>nam</strong></span> <span class='ocrx_word' id='word_1_83' title='bbox 2561 1558 2694 1633; x_wconf 83' lang='lat' dir='ltr'><strong>spi-</strong></span> 
     </span>
     <span class='ocr_line' id='line_1_12' title="bbox 571 1657 2695 1737; baseline -0.003 -15"><span class='ocrx_word' id='word_1_84' title='bbox 571 1661 805 1722; x_wconf 89' lang='lat' dir='ltr'><strong>ritualis</strong></span> <span class='ocrx_word' id='word_1_85' title='bbox 856 1668 978 1737; x_wconf 85' lang='lat' dir='ltr'><strong>est,</strong></span> <span class='ocrx_word' id='word_1_86' title='bbox 1036 1667 1096 1720; x_wconf 89' lang='lat' dir='ltr'><strong>et</strong></span> <span class='ocrx_word' id='word_1_87' title='bbox 1144 1659 1454 1736; x_wconf 79' lang='lat' dir='ltr'><strong>spirituale</strong></span> <span class='ocrx_word' id='word_1_88' title='bbox 1491 1662 1708 1736; x_wconf 83' lang='lat' dir='ltr'><strong>recipit</strong></span> <span class='ocrx_word' id='word_1_89' title='bbox 1754 1659 2103 1736; x_wconf 84' lang='lat' dir='ltr'><strong>spirituale,</strong></span> <span class='ocrx_word' id='word_1_90' title='bbox 2174 1678 2245 1719; x_wconf 91' lang='lat' dir='ltr'><strong>ac</strong></span> <span class='ocrx_word' id='word_1_91' title='bbox 2299 1657 2695 1735; x_wconf 82' lang='lat' dir='ltr'><strong>spiritualiter</strong></span> 
     </span>
     <span class='ocr_line' id='line_1_13' title="bbox 571 1759 2694 1839; baseline -0.003 -15"><span class='ocrx_word' id='word_1_92' title='bbox 571 1766 748 1838; x_wconf 83' lang='lat' dir='ltr'><strong>vivit,</strong></span> <span class='ocrx_word' id='word_1_93' title='bbox 807 1763 967 1839; x_wconf 90' lang='lat' dir='ltr'><strong>quod</strong></span> <span class='ocrx_word' id='word_1_94' title='bbox 1002 1767 1095 1822; x_wconf 89' lang='lat' dir='ltr'><strong>est</strong></span> <span class='ocrx_word' id='word_1_95' title='bbox 1131 1763 1395 1838; x_wconf 88' lang='lat' dir='ltr'><strong>cogitare</strong></span> <span class='ocrx_word' id='word_1_96' title='bbox 1434 1765 1495 1820; x_wconf 90' lang='lat' dir='ltr'><strong>et</strong></span> <span class='ocrx_word' id='word_1_97' title='bbox 1532 1760 1719 1837; x_wconf 72' lang='lat' dir='ltr'><strong>velle,</strong></span> <span class='ocrx_word' id='word_1_98' title='bbox 1777 1762 1965 1819; x_wconf 89' lang='lat' dir='ltr'><strong>omnis</strong></span> <span class='ocrx_word' id='word_1_99' title='bbox 2001 1763 2205 1837; x_wconf 86' lang='lat' dir='ltr'><strong>itaque</strong></span> <span class='ocrx_word' id='word_1_100' title='bbox 2252 1763 2381 1819; x_wconf 88' lang='lat' dir='ltr'><strong>vita</strong></span> <span class='ocrx_word' id='word_1_101' title='bbox 2422 1759 2694 1818; x_wconf 90' lang='lat' dir='ltr'><strong>rationa-</strong></span> 
     </span>
     <span class='ocr_line' id='line_1_14' title="bbox 569 1859 2696 1940; baseline -0.003 -15"><span class='ocrx_word' id='word_1_102' title='bbox 569 1864 679 1940; x_wconf 85' lang='lat' dir='ltr'><strong>lis,</strong></span> <span class='ocrx_word' id='word_1_103' title='bbox 737 1880 892 1940; x_wconf 83' lang='lat' dir='ltr'><strong>quae</strong></span> <span class='ocrx_word' id='word_1_104' title='bbox 948 1869 1204 1940; x_wconf 87' lang='lat' dir='ltr'><strong>apparet</strong></span> <span class='ocrx_word' id='word_1_105' title='bbox 1244 1864 1304 1920; x_wconf 94' lang='lat' dir='ltr'><strong>in</strong></span> <span class='ocrx_word' id='word_1_106' title='bbox 1353 1878 1638 1939; x_wconf 85' lang='lat' dir='ltr'><strong>corpore,</strong></span> <span class='ocrx_word' id='word_1_107' title='bbox 1708 1862 1840 1939; x_wconf 83' lang='lat' dir='ltr'><strong>ejus</strong></span> <span class='ocrx_word' id='word_1_108' title='bbox 1892 1866 2015 1930; x_wconf 89' lang='lat' dir='ltr'><strong>est,</strong></span> <span class='ocrx_word' id='word_1_109' title='bbox 2081 1868 2141 1920; x_wconf 91' lang='lat' dir='ltr'><strong>et</strong></span> <span class='ocrx_word' id='word_1_110' title='bbox 2193 1859 2343 1921; x_wconf 88' lang='lat' dir='ltr'><strong>nihil</strong></span> <span class='ocrx_word' id='word_1_111' title='bbox 2392 1860 2661 1936; x_wconf 86' lang='lat' dir='ltr'><strong>corporis</strong></span> <span class='ocrx_word' id='word_1_112' title='bbox 2678 1876 2696 1935; x_wconf 84' lang='lat'>3</span> 
     </span>
     <span class='ocr_line' id='line_1_15' title="bbox 572 1959 2695 2042; baseline -0.004 -16"><span class='ocrx_word' id='word_1_113' title='bbox 572 1982 791 2042; x_wconf 86' lang='lat' dir='ltr'><strong>corpus</strong></span> <span class='ocrx_word' id='word_1_114' title='bbox 829 1968 1016 2037; x_wconf 90' lang='lat' dir='ltr'><strong>enim,</strong></span> <span class='ocrx_word' id='word_1_115' title='bbox 1071 1968 1138 2022; x_wconf 91' lang='lat' dir='ltr'><strong>ut</strong></span> <span class='ocrx_word' id='word_1_116' title='bbox 1174 1979 1361 2039; x_wconf 89' lang='lat' dir='ltr'><strong>supra</strong></span> <span class='ocrx_word' id='word_1_117' title='bbox 1402 1962 1656 2035; x_wconf 86' lang='lat' dir='ltr'><strong>dictum,</strong></span> <span class='ocrx_word' id='word_1_118' title='bbox 1718 1969 1810 2021; x_wconf 88' lang='lat' dir='ltr'><strong>est</strong></span> <span class='ocrx_word' id='word_1_119' title='bbox 1852 1961 2198 2037; x_wconf 84' lang='lat' dir='ltr'><strong>materiale,</strong></span> <span class='ocrx_word' id='word_1_120' title='bbox 2255 1978 2325 2021; x_wconf 86' lang='lat' dir='ltr'><strong>ac</strong></span> <span class='ocrx_word' id='word_1_121' title='bbox 2362 1959 2695 2035; x_wconf 88' lang='lat' dir='ltr'><strong>materiale,</strong></span> 
     </span>
     <span class='ocr_line' id='line_1_16' title="bbox 572 2059 2694 2144; baseline -0.002 -20"><span class='ocrx_word' id='word_1_122' title='bbox 572 2065 735 2144; x_wconf 89' lang='lat' dir='ltr'><strong>quod</strong></span> <span class='ocrx_word' id='word_1_123' title='bbox 771 2072 862 2124; x_wconf 87' lang='lat' dir='ltr'><strong>est</strong></span> <span class='ocrx_word' id='word_1_124' title='bbox 895 2067 1204 2141; x_wconf 89' lang='lat' dir='ltr'><strong>proprium</strong></span> <span class='ocrx_word' id='word_1_125' title='bbox 1242 2065 1543 2140; x_wconf 88' lang='lat' dir='ltr'><strong>corporis,</strong></span> <span class='ocrx_word' id='word_1_126' title='bbox 1599 2070 1690 2123; x_wconf 86' lang='lat' dir='ltr'><strong>est</strong></span> <span class='ocrx_word' id='word_1_127' title='bbox 1719 2061 2024 2141; x_wconf 88' lang='lat' dir='ltr'><strong>adjectum</strong></span> <span class='ocrx_word' id='word_1_128' title='bbox 2060 2069 2120 2122; x_wconf 92' lang='lat' dir='ltr'><strong>et</strong></span> <span class='ocrx_word' id='word_1_129' title='bbox 2153 2080 2352 2140; x_wconf 88' lang='lat' dir='ltr'><strong>paene</strong></span> <span class='ocrx_word' id='word_1_130' title='bbox 2386 2064 2544 2122; x_wconf 86' lang='lat' dir='ltr'><strong>sicut</strong></span> <span class='ocrx_word' id='word_1_131' title='bbox 2578 2059 2694 2121; x_wconf 87' lang='lat' dir='ltr'><strong>ad·-</strong></span> 
     </span>
     <span class='ocr_line' id='line_1_17' title="bbox 564 2163 2697 2243; baseline -0 -20"><span class='ocrx_word' id='word_1_132' title='bbox 564 2168 839 2243; x_wconf 84' lang='lat' dir='ltr'><strong>junctum</strong></span> <span class='ocrx_word' id='word_1_133' title='bbox 868 2166 1120 2239; x_wconf 89' lang='lat' dir='ltr'><strong>spiritui,</strong></span> <span class='ocrx_word' id='word_1_134' title='bbox 1164 2163 1239 2222; x_wconf 92' lang='lat' dir='ltr'><strong>ob</strong></span> <span class='ocrx_word' id='word_1_135' title='bbox 1271 2179 1549 2236; x_wconf 88' lang='lat' dir='ltr'><strong>causam,</strong></span> <span class='ocrx_word' id='word_1_136' title='bbox 1595 2169 1665 2221; x_wconf 93' lang='lat' dir='ltr'><strong>ut</strong></span> <span class='ocrx_word' id='word_1_137' title='bbox 1698 2165 1947 2240; x_wconf 88' lang='lat' dir='ltr'><strong>spiritus</strong></span> <span class='ocrx_word' id='word_1_138' title='bbox 1986 2163 2243 2225; x_wconf 87' lang='lat' dir='ltr'><strong>hominis</strong></span> <span class='ocrx_word' id='word_1_139' title='bbox 2279 2165 2473 2240; x_wconf 88' lang='lat' dir='ltr'><strong>possit</strong></span> <span class='ocrx_word' id='word_1_140' title='bbox 2512 2178 2697 2240; x_wconf 81' lang='lat' dir='ltr'><strong>agere</strong></span> 
     </span>
     <span class='ocr_line' id='line_1_18' title="bbox 574 2262 2695 2342; baseline 0.001 -21"><span class='ocrx_word' id='word_1_141' title='bbox 574 2266 758 2323; x_wconf 86' lang='lat' dir='ltr'><strong>vitam</strong></span> <span class='ocrx_word' id='word_1_142' title='bbox 792 2271 851 2323; x_wconf 93' lang='lat' dir='ltr'><strong>et</strong></span> <span class='ocrx_word' id='word_1_143' title='bbox 877 2281 1057 2340; x_wconf 88' lang='lat' dir='ltr'><strong>agere</strong></span> <span class='ocrx_word' id='word_1_144' title='bbox 1096 2279 1240 2322; x_wconf 88' lang='lat' dir='ltr'><strong>usus</strong></span> <span class='ocrx_word' id='word_1_145' title='bbox 1269 2265 1328 2321; x_wconf 91' lang='lat' dir='ltr'><strong>in</strong></span> <span class='ocrx_word' id='word_1_146' title='bbox 1367 2262 1633 2321; x_wconf 88' lang='lat' dir='ltr'><strong>naturali</strong></span> <span class='ocrx_word' id='word_1_147' title='bbox 1668 2263 1910 2340; x_wconf 89' lang='lat' dir='ltr'><strong>mund0,</strong></span> <span class='ocrx_word' id='word_1_148' title='bbox 1950 2265 2123 2342; x_wconf 89' lang='lat' dir='ltr'><strong>cujus</strong></span> <span class='ocrx_word' id='word_1_149' title='bbox 2155 2267 2351 2325; x_wconf 90' lang='lat' dir='ltr'><strong>omnia</strong></span> <span class='ocrx_word' id='word_1_150' title='bbox 2387 2272 2526 2324; x_wconf 87' lang='lat' dir='ltr'><strong>sunt</strong></span> <span class='ocrx_word' id='word_1_151' title='bbox 2558 2279 2695 2324; x_wconf 83' lang='lat' dir='ltr'><strong>ma-</strong></span> 
     </span>
     <span class='ocr_line' id='line_1_19' title="bbox 571 2364 2696 2443; baseline -0 -19"><span class='ocrx_word' id='word_1_152' title='bbox 571 2364 807 2425; x_wconf 88' lang='lat' dir='ltr'><strong>terialia</strong></span> <span class='ocrx_word' id='word_1_153' title='bbox 858 2382 929 2424; x_wconf 89' lang='lat' dir='ltr'><strong>ac</strong></span> <span class='ocrx_word' id='word_1_154' title='bbox 970 2367 1033 2423; x_wconf 91' lang='lat' dir='ltr'><strong>in</strong></span> <span class='ocrx_word' id='word_1_155' title='bbox 1067 2381 1135 2424; x_wconf 87' lang='lat' dir='ltr'><strong>se</strong></span> <span class='ocrx_word' id='word_1_156' title='bbox 1178 2365 1447 2440; x_wconf 86' lang='lat' dir='ltr'><strong>expertia</strong></span> <span class='ocrx_word' id='word_1_157' title='bbox 1499 2366 1659 2424; x_wconf 87' lang='lat' dir='ltr'><strong>vitae</strong></span> <span class='ocrx_word' id='word_1_158' title='bbox 1671 2385 1688 2441; x_wconf 84' lang='lat'>3</span> <span class='ocrx_word' id='word_1_159' title='bbox 1745 2372 1806 2425; x_wconf 92' lang='lat' dir='ltr'><strong>et</strong></span> <span class='ocrx_word' id='word_1_160' title='bbox 1846 2366 1987 2443; x_wconf 90' lang='lat' dir='ltr'><strong>quia</strong></span> <span class='ocrx_word' id='word_1_161' title='bbox 2021 2366 2332 2425; x_wconf 89' lang='lat' dir='ltr'><strong>materiale</strong></span> <span class='ocrx_word' id='word_1_162' title='bbox 2375 2382 2494 2425; x_wconf 90' lang='lat' dir='ltr'><strong>non</strong></span> <span class='ocrx_word' id='word_1_163' title='bbox 2526 2365 2696 2438; x_wconf 83' lang='lat' dir='ltr'><strong>vivit,</strong></span> 
     </span>
     <span class='ocr_line' id='line_1_20' title="bbox 571 2464 2701 2544; baseline -0.002 -18"><span class='ocrx_word' id='word_1_164' title='bbox 571 2465 680 2526; x_wconf 89' lang='lat' dir='ltr'><strong>sed</strong></span> <span class='ocrx_word' id='word_1_165' title='bbox 732 2466 907 2525; x_wconf 90' lang='lat' dir='ltr'><strong>modo</strong></span> <span class='ocrx_word' id='word_1_166' title='bbox 959 2466 1306 2543; x_wconf 85' lang='lat' dir='ltr'><strong>spirituale,</strong></span> <span class='ocrx_word' id='word_1_167' title='bbox 1375 2472 1651 2525; x_wconf 88' lang='lat' dir='ltr'><strong>constare</strong></span> <span class='ocrx_word' id='word_1_168' title='bbox 1707 2471 1932 2544; x_wconf 89' lang='lat' dir='ltr'><strong>potest,</strong></span> <span class='ocrx_word' id='word_1_169' title='bbox 2002 2466 2163 2543; x_wconf 91' lang='lat' dir='ltr'><strong>quod</strong></span> <span class='ocrx_word' id='word_1_170' title='bbox 2216 2466 2498 2544; x_wconf 91' lang='lat' dir='ltr'><strong>quicquid</strong></span> <span class='ocrx_word' id='word_1_171' title='bbox 2547 2464 2701 2524; x_wconf 84' lang='lat' dir='ltr'><strong>vivit</strong></span> 
     </span>
     <span class='ocr_line' id='line_1_21' title="bbox 570 2567 2696 2647; baseline -0 -20"><span class='ocrx_word' id='word_1_172' title='bbox 570 2569 734 2647; x_wconf 90' lang='lat' dir='ltr'><strong>apud</strong></span> <span class='ocrx_word' id='word_1_173' title='bbox 766 2568 1099 2643; x_wconf 88' lang='lat' dir='ltr'><strong>hominem,</strong></span> <span class='ocrx_word' id='word_1_174' title='bbox 1155 2570 1235 2628; x_wconf 89' lang='lat' dir='ltr'><strong>sit</strong></span> <span class='ocrx_word' id='word_1_175' title='bbox 1263 2569 1393 2646; x_wconf 87' lang='lat' dir='ltr'><strong>ejus</strong></span> <span class='ocrx_word' id='word_1_176' title='bbox 1427 2569 1708 2645; x_wconf 63' lang='lat' dir='ltr'><strong>spiritus»,</strong></span> <span class='ocrx_word' id='word_1_177' title='bbox 1755 2575 1814 2627; x_wconf 93' lang='lat' dir='ltr'><strong>et</strong></span> <span class='ocrx_word' id='word_1_178' title='bbox 1843 2567 2002 2644; x_wconf 86' lang='lat' dir='ltr'><strong>quod</strong></span> <span class='ocrx_word' id='word_1_179' title='bbox 2030 2585 2250 2646; x_wconf 89' lang='lat' dir='ltr'><strong>corpus</strong></span> <span class='ocrx_word' id='word_1_180' title='bbox 2286 2568 2460 2627; x_wconf 90' lang='lat' dir='ltr'><strong>modo</strong></span> <span class='ocrx_word' id='word_1_181' title='bbox 2494 2569 2696 2627; x_wconf 86' lang='lat' dir='ltr'><strong>inser-</strong></span> 
     </span>
     <span class='ocr_line' id='line_1_22' title="bbox 565 2667 2699 2747; baseline -0 -19"><span class='ocrx_word' id='word_1_182' title='bbox 565 2673 690 2728; x_wconf 87' lang='lat' dir='ltr'><strong>viat</strong></span> <span class='ocrx_word' id='word_1_183' title='bbox 719 2672 803 2745; x_wconf 91' lang='lat' dir='ltr'><strong>ei,</strong></span> <span class='ocrx_word' id='word_1_184' title='bbox 860 2686 1111 2747; x_wconf 85' lang='lat' dir='ltr'><strong>prorsus</strong></span> <span class='ocrx_word' id='word_1_185' title='bbox 1148 2672 1304 2730; x_wconf 87' lang='lat' dir='ltr'><strong>sicut</strong></span> <span class='ocrx_word' id='word_1_186' title='bbox 1329 2670 1785 2729; x_wconf 90' lang='lat' dir='ltr'><strong>instrumentale</strong></span> <span class='ocrx_word' id='word_1_187' title='bbox 1819 2671 1878 2727; x_wconf 90' lang='lat' dir='ltr'><strong>vi</strong></span> <span class='ocrx_word' id='word_1_188' title='bbox 1923 2672 2188 2729; x_wconf 82' lang='lat' dir='ltr'><strong>moventi</strong></span> <span class='ocrx_word' id='word_1_189' title='bbox 2213 2673 2424 2729; x_wconf 86' lang='lat' dir='ltr'><strong>vivae:</strong></span> <span class='ocrx_word' id='word_1_190' title='bbox 2478 2667 2699 2729; x_wconf 88' lang='lat' dir='ltr'><strong>dicitur</strong></span> 
     </span>
     <span class='ocr_line' id='line_1_23' title="bbox 573 2766 2699 2847; baseline -0 -19"><span class='ocrx_word' id='word_1_191' title='bbox 573 2768 816 2846; x_wconf 86' lang='lat' dir='ltr'><strong>quidem</strong></span> <span class='ocrx_word' id='word_1_192' title='bbox 855 2771 928 2828; x_wconf 91' lang='lat' dir='ltr'><strong>de</strong></span> <span class='ocrx_word' id='word_1_193' title='bbox 963 2773 1391 2839; x_wconf 86' lang='lat' dir='ltr'><strong>instrumento,</strong></span> <span class='ocrx_word' id='word_1_194' title='bbox 1445 2769 1608 2847; x_wconf 89' lang='lat' dir='ltr'><strong>quod</strong></span> <span class='ocrx_word' id='word_1_195' title='bbox 1641 2775 1811 2847; x_wconf 85' lang='lat' dir='ltr'><strong>agat,</strong></span> <span class='ocrx_word' id='word_1_196' title='bbox 1868 2777 2134 2846; x_wconf 87' lang='lat' dir='ltr'><strong>moveat,</strong></span> <span class='ocrx_word' id='word_1_197' title='bbox 2197 2778 2302 2829; x_wconf 89' lang='lat' dir='ltr'><strong>aut</strong></span> <span class='ocrx_word' id='word_1_198' title='bbox 2335 2770 2545 2845; x_wconf 84' lang='lat' dir='ltr'><strong>feriat,</strong></span> <span class='ocrx_word' id='word_1_199' title='bbox 2584 2766 2699 2829; x_wconf 87' lang='lat' dir='ltr'><strong>sed</strong></span> 
     </span>
     <span class='ocr_line' id='line_1_24' title="bbox 575 2869 2697 2949; baseline 0 -22"><span class='ocrx_word' id='word_1_200' title='bbox 575 2869 823 2928; x_wconf 90' lang='lat' dir='ltr'><strong>credere</strong></span> <span class='ocrx_word' id='word_1_201' title='bbox 875 2870 1035 2946; x_wconf 90' lang='lat' dir='ltr'><strong>quod</strong></span> <span class='ocrx_word' id='word_1_202' title='bbox 1082 2873 1160 2928; x_wconf 87' lang='lat' dir='ltr'><strong>sit</strong></span> <span class='ocrx_word' id='word_1_203' title='bbox 1196 2872 1610 2945; x_wconf 85' lang='lat' dir='ltr'><strong>instrumenti,</strong></span> <span class='ocrx_word' id='word_1_204' title='bbox 1678 2878 1739 2930; x_wconf 93' lang='lat' dir='ltr'><strong>et</strong></span> <span class='ocrx_word' id='word_1_205' title='bbox 1789 2885 1908 2929; x_wconf 89' lang='lat' dir='ltr'><strong>non</strong></span> <span class='ocrx_word' id='word_1_206' title='bbox 1958 2871 2089 2948; x_wconf 89' lang='lat' dir='ltr'><strong>ejus</strong></span> <span class='ocrx_word' id='word_1_207' title='bbox 2143 2873 2244 2947; x_wconf 92' lang='lat' dir='ltr'><strong>qui</strong></span> <span class='ocrx_word' id='word_1_208' title='bbox 2286 2888 2397 2949; x_wconf 87' lang='lat' dir='ltr'><strong>per</strong></span> <span class='ocrx_word' id='word_1_209' title='bbox 2440 2870 2504 2930; x_wconf 84' lang='lat' dir='ltr'><strong>id</strong></span> <span class='ocrx_word' id='word_1_210' title='bbox 2552 2870 2697 2948; x_wconf 86' lang='lat' dir='ltr'><strong>agit,</strong></span> 
     </span>
     <span class='ocr_line' id='line_1_25' title="bbox 574 2969 1554 3043; baseline 0.001 -16"><span class='ocrx_word' id='word_1_211' title='bbox 574 2975 779 3028; x_wconf 91' lang='lat' dir='ltr'><strong>movet</strong></span> <span class='ocrx_word' id='word_1_212' title='bbox 804 2975 911 3027; x_wconf 90' lang='lat' dir='ltr'><strong>aut</strong></span> <span class='ocrx_word' id='word_1_213' title='bbox 945 2969 1111 3043; x_wconf 84' lang='lat' dir='ltr'><strong>ferit,</strong></span> <span class='ocrx_word' id='word_1_214' title='bbox 1157 2969 1400 3028; x_wconf 84' lang='lat' dir='ltr'><strong>fallacia</strong></span> <span class='ocrx_word' id='word_1_215' title='bbox 1444 2975 1554 3030; x_wconf 89' lang='lat' dir='ltr'><strong>est.</strong></span> 
     </span>
    </p>

    <p class='ocr_par' dir='ltr' id='par_1_5' title="bbox 534 3066 2701 4358">
     <span class='ocr_line' id='line_1_26' title="bbox 667 3066 2699 3152; baseline 0.002 -27"><span class='ocrx_word' id='word_1_216' title='bbox 667 3076 699 3108; x_wconf 66' lang='lat'><em>⁶</em></span> <span class='ocrx_word' id='word_1_217' title='bbox 727 3069 890 3128; x_wconf 87' lang='lat'><strong>433.</strong></span> <span class='ocrx_word' id='word_1_218' title='bbox 957 3066 1252 3144; x_wconf 84' lang='lat' dir='ltr'><strong>Quoniam</strong></span> <span class='ocrx_word' id='word_1_219' title='bbox 1302 3086 1477 3128; x_wconf 88' lang='lat' dir='ltr'><strong>omne</strong></span> <span class='ocrx_word' id='word_1_220' title='bbox 1526 3072 1689 3147; x_wconf 89' lang='lat' dir='ltr'><strong>quod</strong></span> <span class='ocrx_word' id='word_1_221' title='bbox 1722 3073 1870 3131; x_wconf 88' lang='lat' dir='ltr'><strong>vivit</strong></span> <span class='ocrx_word' id='word_1_222' title='bbox 1898 3076 1958 3131; x_wconf 89' lang='lat' dir='ltr'><strong>in</strong></span> <span class='ocrx_word' id='word_1_223' title='bbox 1995 3091 2278 3152; x_wconf 85' lang='lat' dir='ltr'><strong>corpore,</strong></span> <span class='ocrx_word' id='word_1_224' title='bbox 2343 3079 2404 3132; x_wconf 93' lang='lat' dir='ltr'><strong>et</strong></span> <span class='ocrx_word' id='word_1_225' title='bbox 2448 3090 2524 3132; x_wconf 84' lang='lat' dir='ltr'><strong>ex</strong></span> <span class='ocrx_word' id='word_1_226' title='bbox 2570 3073 2699 3130; x_wconf 84' lang='lat' dir='ltr'><strong>vita</strong></span> 
     </span>
     <span class='ocr_line' id='line_1_27' title="bbox 574 3160 2699 3252; baseline 0.002 -25"><span class='ocrx_word' id='word_1_227' title='bbox 574 3169 700 3246; x_wconf 86' lang='lat' dir='ltr'><strong>agit</strong></span> <span class='ocrx_word' id='word_1_228' title='bbox 736 3175 796 3227; x_wconf 90' lang='lat' dir='ltr'><strong>et</strong></span> <span class='ocrx_word' id='word_1_229' title='bbox 833 3170 1041 3243; x_wconf 88' lang='lat' dir='ltr'><strong>sentit,</strong></span> <span class='ocrx_word' id='word_1_230' title='bbox 1097 3170 1272 3229; x_wconf 89' lang='lat' dir='ltr'><strong>unice</strong></span> <span class='ocrx_word' id='word_1_231' title='bbox 1322 3175 1417 3229; x_wconf 90' lang='lat' dir='ltr'><strong>est</strong></span> <span class='ocrx_word' id='word_1_232' title='bbox 1452 3172 1699 3245; x_wconf 88' lang='lat' dir='ltr'><strong>spiritus</strong></span> <span class='ocrx_word' id='word_1_233' title='bbox 1713 3217 1731 3249; x_wconf 92' lang='lat'><strong>,</strong></span> <span class='ocrx_word' id='word_1_234' title='bbox 1788 3181 1847 3233; x_wconf 91' lang='lat' dir='ltr'><strong>et</strong></span> <span class='ocrx_word' id='word_1_235' title='bbox 1883 3173 2029 3233; x_wconf 88' lang='lat' dir='ltr'><strong>nihil</strong></span> <span class='ocrx_word' id='word_1_236' title='bbox 2071 3160 2373 3252; x_wconf 74' lang='lat' dir='ltr'><strong>corporiS,</strong></span> <span class='ocrx_word' id='word_1_237' title='bbox 2422 3173 2699 3249; x_wconf 88' lang='lat' dir='ltr'><strong>sequitur</strong></span> 
     </span>
     <span class='ocr_line' id='line_1_28' title="bbox 573 3269 2698 3354; baseline 0.002 -26"><span class='ocrx_word' id='word_1_238' title='bbox 573 3269 737 3354; x_wconf 86' lang='lat' dir='ltr'><strong>quod</strong></span> <span class='ocrx_word' id='word_1_239' title='bbox 772 3272 1019 3347; x_wconf 86' lang='lat' dir='ltr'><strong>spiritus</strong></span> <span class='ocrx_word' id='word_1_240' title='bbox 1061 3269 1139 3329; x_wconf 87' lang='lat' dir='ltr'><strong>sit</strong></span> <span class='ocrx_word' id='word_1_241' title='bbox 1181 3271 1315 3347; x_wconf 88' lang='lat' dir='ltr'><strong>ipse</strong></span> <span class='ocrx_word' id='word_1_242' title='bbox 1360 3270 1570 3347; x_wconf 86' lang='lat' dir='ltr'><strong>hom03</strong></span> <span class='ocrx_word' id='word_1_243' title='bbox 1629 3289 1739 3332; x_wconf 89' lang='lat' dir='ltr'><strong>seu</strong></span> <span class='ocrx_word' id='word_1_244' title='bbox 1779 3274 1940 3350; x_wconf 90' lang='lat' dir='ltr'><strong>quod</strong></span> <span class='ocrx_word' id='word_1_245' title='bbox 1968 3276 2196 3345; x_wconf 86' lang='lat' dir='ltr'><strong>simile,</strong></span> <span class='ocrx_word' id='word_1_246' title='bbox 2232 3274 2395 3353; x_wconf 90' lang='lat' dir='ltr'><strong>quod</strong></span> <span class='ocrx_word' id='word_1_247' title='bbox 2427 3274 2605 3334; x_wconf 90' lang='lat' dir='ltr'><strong>homo</strong></span> <span class='ocrx_word' id='word_1_248' title='bbox 2631 3275 2698 3333; x_wconf 89' lang='lat' dir='ltr'><strong>in</strong></span> 
     </span>
     <span class='ocr_line' id='line_1_29' title="bbox 573 3372 2697 3452; baseline 0.001 -20"><span class='ocrx_word' id='word_1_249' title='bbox 573 3388 640 3432; x_wconf 89' lang='lat' dir='ltr'><strong>se</strong></span> <span class='ocrx_word' id='word_1_250' title='bbox 690 3377 1000 3449; x_wconf 88' lang='lat' dir='ltr'><strong>spectatus</strong></span> <span class='ocrx_word' id='word_1_251' title='bbox 1049 3372 1129 3431; x_wconf 91' lang='lat' dir='ltr'><strong>sit</strong></span> <span class='ocrx_word' id='word_1_252' title='bbox 1174 3372 1455 3449; x_wconf 88' lang='lat' dir='ltr'><strong>spiritus,</strong></span> <span class='ocrx_word' id='word_1_253' title='bbox 1519 3377 1580 3430; x_wconf 92' lang='lat' dir='ltr'><strong>et</strong></span> <span class='ocrx_word' id='word_1_254' title='bbox 1638 3391 1875 3452; x_wconf 90' lang='lat' dir='ltr'><strong>quoque</strong></span> <span class='ocrx_word' id='word_1_255' title='bbox 1921 3377 1983 3435; x_wconf 90' lang='lat' dir='ltr'><strong>in</strong></span> <span class='ocrx_word' id='word_1_256' title='bbox 2035 3376 2218 3436; x_wconf 89' lang='lat' dir='ltr'><strong>simili</strong></span> <span class='ocrx_word' id='word_1_257' title='bbox 2264 3375 2485 3450; x_wconf 87' lang='lat' dir='ltr'><strong>forma,</strong></span> <span class='ocrx_word' id='word_1_258' title='bbox 2551 3391 2697 3435; x_wconf 90' lang='lat' dir='ltr'><strong>nam</strong></span> 
     </span>
     <span class='ocr_line' id='line_1_30' title="bbox 572 3472 2698 3555; baseline 0.001 -23"><span class='ocrx_word' id='word_1_259' title='bbox 572 3474 855 3551; x_wconf 88' lang='lat' dir='ltr'><strong>quicquid</strong></span> <span class='ocrx_word' id='word_1_260' title='bbox 889 3475 1037 3532; x_wconf 86' lang='lat' dir='ltr'><strong>vivit</strong></span> <span class='ocrx_word' id='word_1_261' title='bbox 1074 3479 1135 3532; x_wconf 92' lang='lat' dir='ltr'><strong>et</strong></span> <span class='ocrx_word' id='word_1_262' title='bbox 1168 3474 1351 3534; x_wconf 86' lang='lat' dir='ltr'><strong>sentit</strong></span> <span class='ocrx_word' id='word_1_263' title='bbox 1389 3474 1454 3531; x_wconf 90' lang='lat' dir='ltr'><strong>in</strong></span> <span class='ocrx_word' id='word_1_264' title='bbox 1497 3472 1737 3536; x_wconf 89' lang='lat' dir='ltr'><strong>homine</strong></span> <span class='ocrx_word' id='word_1_265' title='bbox 1779 3481 1872 3535; x_wconf 88' lang='lat' dir='ltr'><strong>est</strong></span> <span class='ocrx_word' id='word_1_266' title='bbox 1914 3476 2047 3554; x_wconf 89' lang='lat' dir='ltr'><strong>ejus</strong></span> <span class='ocrx_word' id='word_1_267' title='bbox 2095 3479 2377 3555; x_wconf 87' lang='lat' dir='ltr'><strong>spiritus,</strong></span> <span class='ocrx_word' id='word_1_268' title='bbox 2435 3482 2497 3536; x_wconf 91' lang='lat' dir='ltr'><strong>et</strong></span> <span class='ocrx_word' id='word_1_269' title='bbox 2548 3475 2698 3535; x_wconf 87' lang='lat' dir='ltr'><strong>nihil</strong></span> 
     </span>
     <span class='ocr_line' id='line_1_31' title="bbox 573 3573 2695 3655; baseline 0.002 -23"><span class='ocrx_word' id='word_1_270' title='bbox 573 3590 694 3633; x_wconf 90' lang='lat' dir='ltr'><strong>non</strong></span> <span class='ocrx_word' id='word_1_271' title='bbox 728 3578 789 3633; x_wconf 89' lang='lat' dir='ltr'><strong>in</strong></span> <span class='ocrx_word' id='word_1_272' title='bbox 829 3575 1067 3634; x_wconf 91' lang='lat' dir='ltr'><strong>homine</strong></span> <span class='ocrx_word' id='word_1_273' title='bbox 1104 3594 1141 3633; x_wconf 91' lang='lat' dir='ltr'><strong>a</strong></span> <span class='ocrx_word' id='word_1_274' title='bbox 1186 3576 1384 3652; x_wconf 90' lang='lat' dir='ltr'><strong>capite</strong></span> <span class='ocrx_word' id='word_1_275' title='bbox 1415 3573 1493 3633; x_wconf 90' lang='lat' dir='ltr'><strong>ad</strong></span> <span class='ocrx_word' id='word_1_276' title='bbox 1528 3575 1798 3652; x_wconf 84' lang='lat' dir='ltr'><strong>plantam</strong></span> <span class='ocrx_word' id='word_1_277' title='bbox 1831 3576 2002 3654; x_wconf 87' lang='lat' dir='ltr'><strong>pedis</strong></span> <span class='ocrx_word' id='word_1_278' title='bbox 2046 3578 2178 3655; x_wconf 88' lang='lat' dir='ltr'><strong>ejus</strong></span> <span class='ocrx_word' id='word_1_279' title='bbox 2215 3579 2362 3637; x_wconf 87' lang='lat' dir='ltr'><strong>vivit</strong></span> <span class='ocrx_word' id='word_1_280' title='bbox 2397 3583 2458 3638; x_wconf 94' lang='lat' dir='ltr'><strong>et</strong></span> <span class='ocrx_word' id='word_1_281' title='bbox 2493 3578 2695 3652; x_wconf 86' lang='lat' dir='ltr'><strong>sentit,</strong></span> 
     </span>
     <span class='ocr_line' id='line_1_32' title="bbox 571 3673 2697 3756; baseline 0.002 -23"><span class='ocrx_word' id='word_1_282' title='bbox 571 3673 708 3733; x_wconf 90' lang='lat' dir='ltr'><strong>inde</strong></span> <span class='ocrx_word' id='word_1_283' title='bbox 747 3681 874 3747; x_wconf 89' lang='lat' dir='ltr'><strong>est,</strong></span> <span class='ocrx_word' id='word_1_284' title='bbox 920 3675 1120 3754; x_wconf 82' lang='lat' dir='ltr'><strong>quod,</strong></span> <span class='ocrx_word' id='word_1_285' title='bbox 1153 3693 1288 3735; x_wconf 90' lang='lat' dir='ltr'><strong>cum</strong></span> <span class='ocrx_word' id='word_1_286' title='bbox 1322 3682 1644 3753; x_wconf 82' lang='lat' dir='ltr'><strong>separatur</strong></span> <span class='ocrx_word' id='word_1_287' title='bbox 1681 3694 1899 3754; x_wconf 88' lang='lat' dir='ltr'><strong>corpus</strong></span> <span class='ocrx_word' id='word_1_288' title='bbox 1937 3676 2014 3737; x_wconf 90' lang='lat' dir='ltr'><strong>ab</strong></span> <span class='ocrx_word' id='word_1_289' title='bbox 2063 3678 2193 3756; x_wconf 90' lang='lat' dir='ltr'><strong>ejus</strong></span> <span class='ocrx_word' id='word_1_290' title='bbox 2231 3678 2476 3755; x_wconf 90' lang='lat' dir='ltr'><strong>spiritu,</strong></span> <span class='ocrx_word' id='word_1_291' title='bbox 2534 3676 2697 3755; x_wconf 84' lang='lat' dir='ltr'><strong>quod</strong></span> 
     </span>
     <span class='ocr_line' id='line_1_33' title="bbox 576 3774 2698 3856; baseline 0.003 -23"><span class='ocrx_word' id='word_1_292' title='bbox 576 3774 790 3833; x_wconf 86' lang='lat' dir='ltr'><strong>dicitur</strong></span> <span class='ocrx_word' id='word_1_293' title='bbox 824 3778 1003 3848; x_wconf 89' lang='lat' dir='ltr'><strong>mori,</strong></span> <span class='ocrx_word' id='word_1_294' title='bbox 1062 3776 1239 3836; x_wconf 89' lang='lat' dir='ltr'><strong>homo</strong></span> <span class='ocrx_word' id='word_1_295' title='bbox 1277 3783 1519 3837; x_wconf 89' lang='lat' dir='ltr'><strong>maneat</strong></span> <span class='ocrx_word' id='word_1_296' title='bbox 1552 3795 1745 3856; x_wconf 86' lang='lat' dir='ltr'><strong>usque</strong></span> <span class='ocrx_word' id='word_1_297' title='bbox 1778 3779 1990 3856; x_wconf 88' lang='lat' dir='ltr'><strong>homo,</strong></span> <span class='ocrx_word' id='word_1_298' title='bbox 2041 3785 2102 3839; x_wconf 89' lang='lat' dir='ltr'><strong>et</strong></span> <span class='ocrx_word' id='word_1_299' title='bbox 2137 3780 2319 3841; x_wconf 87' lang='lat' dir='ltr'><strong>vivat.</strong></span> <span class='ocrx_word' id='word_1_300' title='bbox 2401 3779 2624 3839; x_wconf 86' lang='lat' dir='ltr'><strong>Audivi</strong></span> <span class='ocrx_word' id='word_1_301' title='bbox 2659 3794 2698 3839; x_wconf 82' lang='lat' dir='ltr'><strong>o</strong></span> 
     </span>
     <span class='ocr_line' id='line_1_34' title="bbox 575 3872 2701 3959; baseline 0.002 -25"><span class='ocrx_word' id='word_1_302' title='bbox 575 3872 796 3944; x_wconf 88' lang='lat' dir='ltr'><strong>Coelo,</strong></span> <span class='ocrx_word' id='word_1_303' title='bbox 848 3875 1009 3953; x_wconf 89' lang='lat' dir='ltr'><strong>quod</strong></span> <span class='ocrx_word' id='word_1_304' title='bbox 1036 3876 1280 3952; x_wconf 90' lang='lat' dir='ltr'><strong>quidam</strong></span> <span class='ocrx_word' id='word_1_305' title='bbox 1317 3880 1419 3953; x_wconf 93' lang='lat' dir='ltr'><strong>qui</strong></span> <span class='ocrx_word' id='word_1_306' title='bbox 1460 3881 1819 3950; x_wconf 86' lang='lat' dir='ltr'><strong>moriuntur,</strong></span> <span class='ocrx_word' id='word_1_307' title='bbox 1876 3896 2012 3939; x_wconf 92' lang='lat' dir='ltr'><strong>cum</strong></span> <span class='ocrx_word' id='word_1_308' title='bbox 2041 3881 2251 3959; x_wconf 89' lang='lat' dir='ltr'><strong>ja‘cent</strong></span> <span class='ocrx_word' id='word_1_309' title='bbox 2293 3897 2478 3957; x_wconf 88' lang='lat' dir='ltr'><strong>super</strong></span> <span class='ocrx_word' id='word_1_310' title='bbox 2520 3878 2701 3939; x_wconf 85' lang='lat' dir='ltr'><strong>ferali</strong></span> 
     </span>
     <span class='ocr_line' id='line_1_35' title="bbox 572 3980 2697 4058; baseline 0.004 -25"><span class='ocrx_word' id='word_1_311' title='bbox 572 3990 810 4048; x_wconf 88' lang='lat' dir='ltr'><strong>mensa,</strong></span> <span class='ocrx_word' id='word_1_312' title='bbox 881 3982 1205 4053; x_wconf 88' lang='lat' dir='ltr'><strong>antequam</strong></span> <span class='ocrx_word' id='word_1_313' title='bbox 1255 3981 1606 4038; x_wconf 84' lang='lat' dir='ltr'><strong>resuscitati</strong></span> <span class='ocrx_word' id='word_1_314' title='bbox 1652 3985 1836 4055; x_wconf 54' lang='lat' dir='ltr'><strong>sunt„</strong></span> <span class='ocrx_word' id='word_1_315' title='bbox 1890 3982 1952 4040; x_wconf 90' lang='lat' dir='ltr'><strong>in</strong></span> <span class='ocrx_word' id='word_1_316' title='bbox 1998 3997 2109 4041; x_wconf 89' lang='lat' dir='ltr'><strong>suo</strong></span> <span class='ocrx_word' id='word_1_317' title='bbox 2158 3980 2374 4057; x_wconf 83' lang='lat' dir='ltr'><strong>frigido</strong></span> <span class='ocrx_word' id='word_1_318' title='bbox 2441 3995 2697 4058; x_wconf 80' lang='lat' dir='ltr'><strong>corpore</strong></span> 
     </span>
     <span class='ocr_line' id='line_1_36' title="bbox 534 4075 2694 4159; baseline 0.002 -24"><span class='ocrx_word' id='word_1_319' title='bbox 534 4075 756 4135; x_wconf 89' lang='lat' dir='ltr'><strong>·etiam</strong></span> <span class='ocrx_word' id='word_1_320' title='bbox 798 4077 1088 4153; x_wconf 87' lang='lat' dir='ltr'><strong>cogitent,</strong></span> <span class='ocrx_word' id='word_1_321' title='bbox 1152 4092 1265 4136; x_wconf 89' lang='lat' dir='ltr'><strong>nec</strong></span> <span class='ocrx_word' id='word_1_322' title='bbox 1314 4080 1509 4137; x_wconf 86' lang='lat' dir='ltr'><strong>sciant</strong></span> <span class='ocrx_word' id='word_1_323' title='bbox 1551 4079 1725 4140; x_wconf 91' lang='lat' dir='ltr'><strong>aliter</strong></span> <span class='ocrx_word' id='word_1_324' title='bbox 1776 4098 1955 4158; x_wconf 90' lang='lat' dir='ltr'><strong>quam</strong></span> <span class='ocrx_word' id='word_1_325' title='bbox 2010 4082 2169 4159; x_wconf 86' lang='lat' dir='ltr'><strong>quod</strong></span> <span class='ocrx_word' id='word_1_326' title='bbox 2217 4081 2413 4141; x_wconf 86' lang='lat' dir='ltr'><strong>adhuc</strong></span> <span class='ocrx_word' id='word_1_327' title='bbox 2461 4084 2694 4157; x_wconf 85' lang='lat' dir='ltr'><strong>vivant,</strong></span> 
     </span>
     <span class='ocr_line' id='line_1_37' title="bbox 571 4175 2696 4262; baseline 0.002 -25"><span class='ocrx_word' id='word_1_328' title='bbox 571 4176 683 4237; x_wconf 87' lang='lat' dir='ltr'><strong>sed</strong></span> <span class='ocrx_word' id='word_1_329' title='bbox 730 4193 864 4237; x_wconf 89' lang='lat' dir='ltr'><strong>cum</strong></span> <span class='ocrx_word' id='word_1_330' title='bbox 913 4175 1263 4252; x_wconf 86' lang='lat' dir='ltr'><strong>differentia,</strong></span> <span class='ocrx_word' id='word_1_331' title='bbox 1319 4178 1482 4255; x_wconf 88' lang='lat' dir='ltr'><strong>quod</strong></span> <span class='ocrx_word' id='word_1_332' title='bbox 1533 4197 1652 4239; x_wconf 89' lang='lat' dir='ltr'><strong>non</strong></span> <span class='ocrx_word' id='word_1_333' title='bbox 1698 4183 1936 4257; x_wconf 89' lang='lat' dir='ltr'><strong>possint</strong></span> <span class='ocrx_word' id='word_1_334' title='bbox 1989 4182 2276 4260; x_wconf 88' lang='lat' dir='ltr'><strong>alliquam</strong></span> <span class='ocrx_word' id='word_1_335' title='bbox 2330 4182 2696 4262; x_wconf 86' lang='lat' dir='ltr'><strong>particulam</strong></span> 
     </span>
     <span class='ocr_line' id='line_1_38' title="bbox 572 4278 2253 4358; baseline 0.003 -20"><span class='ocrx_word' id='word_1_336' title='bbox 572 4278 972 4353; x_wconf 86' lang='lat' dir='ltr'><strong>materialem,</strong></span> <span class='ocrx_word' id='word_1_337' title='bbox 1029 4295 1196 4356; x_wconf 87' lang='lat' dir='ltr'><strong>quae</strong></span> <span class='ocrx_word' id='word_1_338' title='bbox 1224 4281 1475 4357; x_wconf 89' lang='lat' dir='ltr'><strong>propria</strong></span> <span class='ocrx_word' id='word_1_339' title='bbox 1516 4283 1783 4358; x_wconf 87' lang='lat' dir='ltr'><strong>corporis</strong></span> <span class='ocrx_word' id='word_1_340' title='bbox 1827 4288 1946 4354; x_wconf 84' lang='lat' dir='ltr'><strong>est,</strong></span> <span class='ocrx_word' id='word_1_341' title='bbox 1988 4301 2253 4345; x_wconf 81' lang='lat' dir='ltr'><strong>movere.</strong></span> 
     </span>
    </p>
   </div>
  </div>
 </body>
</html>
