3013 5114
373 430 869 499 UNUSQUISQUE
895 431 1097 488 HOMO
1125 431 1259 487 EST
1288 431 1609 489 SPIRITUS
1640 433 1887 502 QUOAD
1919 436 2336 501 INTERIORA.
2382 451 2491 505 259

376 601 442 654 ut
478 592 866 654 confirmarer
899 595 960 652 in
995 611 1087 670 eo,
1128 593 1332 652 datum
1368 600 1463 654 est
1496 594 1661 671 loqui
1697 612 1832 657 eum
1858 596 1984 658 fere
2015 599 2307 674 omnibus,
2344 619 2494 680 quos

370 692 630 772 usquam
667 700 839 754 notos
878 694 1062 754 habui
1107 697 1166 753 in
1201 698 1326 754 vita
1364 699 1631 773 corporis
1669 713 1904 773 eorum,
1961 716 2093 760 cum
2136 702 2493 777 quibusdam

371 815 483 875 per
517 796 730 870 horaS,
770 813 906 856 cum
937 796 1295 872 quibusdam
1328 813 1438 873 per
1472 800 1842 874 septimanas
1879 806 1940 860 et
1973 819 2229 878 menseS,
2270 809 2492 865 etcum

374 896 737 976 quibusdam
764 915 876 974 per
911 913 1130 970 annos,
1187 903 1246 956 et
1279 897 1392 958 hoe
1427 900 1752 976 praecipue
1790 900 1866 958 ob
1904 917 2184 979 causam,
2237 910 2305 964 ut
2343 922 2488 966 eon-

371 999 671 1073 firmarer,
729 1004 789 1058 et
824 1005 890 1057 ut
925 1004 1200 1058 testarer.

534 1101 700 1159 438.
758 1098 871 1158 His
912 1098 1173 1177 adjicere
1210 1099 1373 1176 licet,
1426 1100 1588 1178 quod
1622 1105 2035 1180 unusquisque
2069 1104 2274 1176 home,
2312 1107 2492 1168 etiam

376 1202 518 1260 dum
550 1203 612 1260 in
655 1217 907 1277 corpore
943 1202 1119 1273 vivit,
1178 1200 1374 1278 quoad
1423 1203 1698 1279 spiritum
1747 1221 1919 1264 suum
1976 1208 2054 1263 sit
2105 1208 2165 1265 in
2201 1209 2489 1268 societate

376 1321 513 1363 eum
549 1302 882 1378 spiritibuS,
940 1304 1181 1361 tametsi
1214 1302 1274 1360 id
1312 1305 1529 1377 nescit,
1586 1303 1777 1364 bonus
1803 1322 1914 1381 per
1949 1305 2082 1366 illos
2112 1310 2173 1366 in
2201 1309 2492 1370 societate

374 1403 676 1481 angelica,
735 1409 801 1473 et
832 1401 1023 1462 malus
1060 1405 1118 1460 in
1154 1407 1441 1463 societate
1489 1405 1796 1483 infernali3
1855 1413 1915 1466 et
1952 1406 2108 1482 quod
2143 1410 2202 1466 in
2240 1409 2492 1470 eandem

371 1486 725 1566 societatem
764 1505 942 1563 etiam
979 1510 1119 1580 post
1152 1513 1399 1564 mortem
1438 1508 1669 1583 veniat3
1726 1507 1840 1567 hoe
1876 1511 2123 1585 saepius
2170 1509 2389 1568 dietum
2431 1517 2494 1570 et

375 1611 680 1665 ostensum
722 1612 816 1663 est
856 1604 1006 1680 illis,
1065 1609 1163 1682 qui
1211 1613 1351 1682 post
1401 1614 1651 1667 mortem
1689 1610 1842 1669 inter
1879 1611 2131 1686 spiritus
2178 1618 2488 1672 venerunt.

373 1707 510 1769 Non
546 1705 785 1783 quidem
821 1713 1087 1783 apparet*
1109 1707 1286 1766 homo
1321 1710 1381 1765 in
1424 1708 1530 1766 illa
1573 1712 1890 1784 societate,
1933 1717 1998 1771 ut
2037 1712 2318 1788 spiritus,
2355 1728 2494 1772 cum

375 1811 523 1868 vivit
570 1809 631 1866 in
677 1806 929 1877 mundo,
982 1825 1055 1866 ex
1098 1814 1285 1866 eausa
1321 1811 1460 1886 quia
1501 1816 1641 1868 tune
1689 1810 2042 1870 naturaliter
2081 1815 2333 1890 cogitat3
2391 1815 2495 1890 qui

373 1916 573 1968 autem
616 1908 917 1994 abstracte
955 1927 992 1966 a
1034 1925 1285 1985 corpore
1324 1908 1647 1986 cogitant,‘
1675 1913 1815 1988 quia
1849 1917 1990 1970 tunc
2026 1915 2087 1970 in
2125 1915 2368 1989 spiritu,
2408 1914 2497 1972 illi

375 2010 736 2088 quandoque
779 2012 839 2068 in
887 2027 999 2068 sua
1034 2012 1324 2070 societate
1364 2019 1690 2088 apparent,
1740 2018 1800 2070 et
1850 2031 1979 2070 curn
2024 2020 2347 2090 apparent,
2404 2012 2496 2073 di-

373 2118 746 2190 gnoscuntur
780 2110 968 2188 probe
1006 2128 1042 2168 a
1077 2110 1386 2188 spiritibus
1425 2115 1529 2189 qui
1562 2113 1646 2171 ibi
1684 2118 1853 2187 sunt,
1910 2113 2137 2173 vadunt
2174 2117 2330 2174 enim
2366 2132 2496 2174 me-

374 2213 712 2286 ditabundi,
777 2211 1226 2295 obmutescunt,
1283 2231 1393 2273 nee
1444 2220 1723 2291 spectant
1771 2213 1847 2272 ad
1903 2214 2085 2287 alioS,
2152 2222 2294 2274 sunt
2339 2217 2499 2275 sieut

376 2331 495 2375 non
528 2313 772 2374 videant
805 2313 976 2386 inea,
1034 2331 1103 2372 ae
1140 2320 1207 2372 ut
1241 2317 1496 2390 primum
1528 2316 1746 2392 aliquis
1783 2317 2031 2392 spiritus
2066 2316 2201 2377 illos
2233 2316 2493 2394 alloqui-

374 2423 500 2490 tur,
560 2422 941 2475 evanescunt.
1003 2417 1006 2420 ’
1582 2498 1585 2499 ⁷

531 2517 696 2577 439.
763 2515 847 2578 Ut
879 2516 1212 2577 illustretur
1248 2515 1409 2593 quod
1445 2516 1622 2577 homo
1669 2516 1869 2593 quoad
1919 2519 2210 2575 interiora
2257 2533 2370 2575 sua
2418 2516 2500 2575 sit

378 2620 654 2696 spiritua,
692 2618 871 2678 velim
908 2619 984 2678 ab
1024 2620 1393 2695 experientia
1427 2618 1672 2690 referre,
1715 2617 2012 2693 quomodo
2054 2617 2121 2676 fit
2157 2634 2291 2676 eum
2318 2617 2497 2676 homo

375 2719 694 2780 abducitur
735 2738 773 2778 a
807 2737 1093 2797 corpore,
1148 2725 1208 2777 et
1251 2718 1547 2795 quomodo
1593 2734 1725 2775 eum
1765 2734 1801 2775 a
1835 2720 2050 2794 spiritu
2086 2721 2146 2777 in
2184 2717 2365 2777 alium
2401 2717 2497 2777 lo·
2556 2769 2563 2774 .

375 2840 512 2882 eum
557 2820 845 2880 aufertur.

534 2924 699 2982 440.
778 2921 952 3000 Quod
996 2925 1251 2998 primum
1300 2924 1542 2994 attinet,
1615 2936 1830 2997 nempe
1881 2919 2100 2981 abduci
2142 2939 2180 2980 a
2226 2936 2498 2998 corpore,

376 3024 494 3085 hoc
532 3026 620 3083 ita
653 3039 722 3083 se
768 3007 994 3101 habet}
1031 3023 1208 3083 homo
1253 3023 1606 3100 perducitur
1637 3023 1699 3081 in
1745 3028 1966 3081 statum
2014 3021 2341 3099 quendam,
2396 3022 2501 3099 qui

375 3126 610 3185 medius
651 3128 745 3183 est
780 3126 933 3185 inter
972 3142 1244 3185 somnum
1285 3130 1347 3184 et
1392 3123 1688 3201 vigiliam,
1744 3125 1804 3181 in
1845 3140 1964 3201 quo
2009 3129 2172 3184 statu
2210 3140 2346 3206 eum
2385 3126 2496 3197 est,

376 3245 494 3286 non
542 3226 717 3285 aliter
756 3228 912 3285 seire
960 3232 1164 3303 potest
1216 3242 1394 3301 quam
1442 3224 1604 3302 quod
1644 3241 1895 3302 prorsus
1943 3225 2089 3302 vigil
2128 3228 2236 3295 sit,
2291 3239 2498 3283 omnes

376 3344 591 3388 sensus
630 3333 750 3385 tam
791 3327 1002 3404 vigiles
1040 3334 1179 3386 sunt
1215 3329 1373 3387 sicut
1407 3328 1467 3385 in
1516 3343 1752 3386 summa
1787 3328 2057 3403 corporis
2093 3326 2330 3402 vigilia,
2379 3330 2501 3382 tam

376 3430 547 3487 visus
584 3445 762 3503 quam
798 3427 1067 3504 auditus,
1126 3433 1185 3487 et
1222 3427 1383 3503 quod
1422 3426 1721 3501 mirabile,
1778 3433 2008 3499 metue,
2068 3429 2171 3501 qui
2206 3432 2350 3486 tunc
2389 3440 2497 3482 ex-

380 3530 653 3604 quisitior
697 3536 791 3586 est
827 3545 1003 3604 quam
1040 3544 1293 3605 usquam
1333 3527 1461 3586 dari
1497 3532 1702 3604 potest
1736 3528 1796 3584 in
1835 3524 2044 3603 vigilia
2086 3526 2386 3603 eorporis:
2439 3524 2501 3583 in

381 3643 501 3711 quo
538 3632 701 3685 statu
730 3628 908 3686 etiam
943 3631 1060 3687 visi
1095 3633 1235 3688 sunt
1273 3630 1521 3705 spiritus
1560 3633 1620 3685 et
1657 3625 1855 3702 angeli
1890 3641 2139 3703 prorsus
2171 3624 2247 3684 ad
2273 3628 2496 3701 vivum,

381 3730 563 3789 etiam
612 3726 827 3801 auditi,
900 3734 960 3786 et
995 3727 1154 3804 quod
1194 3730 1440 3799 mirum,
1512 3728 1684 3801 tacti,
1751 3732 1810 3784 et
1845 3731 1984 3784 tunc
2019 3726 2146 3785 fere
2180 3726 2325 3786 nihil
2360 3743 2513 3792 σοι»,

375 3831 542 3908 poris
594 3828 916 3887 intererat:
986 3827 1082 3887 hic
1137 3833 1331 3887 status
1386 3833 1513 3902 est,
1573 3825 1646 3885 de
1701 3843 1818 3903 quo
1867 3826 2114 3903 dicitur,
2179 3826 2412 3889 abduci
2459 3844 2502 3887 a

376 3947 660 4011 corpore,
719 3935 779 3988 et
824 3927 1065 3990 nescire
1107 3947 1263 3989 num
1310 3927 1381 3989 in
1432 3945 1686 4007 corpore
1724 3924 1824 3988 vel
1865 3934 2056 3989 extra
2100 3925 2339 4010 'corpus
2387 3926 2498 3989 eit.

377 4030 449 4090 In
477 4031 637 4090 hunc
664 4037 887 4090 statum
923 4030 1100 4092 modo
1136 4036 1229 4089 ter
1268 4035 1373 4089 aut
1414 4035 1629 4107 quater
1665 4031 1969 4091 immissus
2006 4046 2167 4106 sum,
2222 4037 2290 4090 ut
2322 4028 2502 4089 modo

380 4133 596 4190 scirem
652 4132 843 4208 qualis
898 4139 1020 4204 est,
1087 4138 1147 4191 et
1198 4131 1584 4210 simul-quod
1638 4129 1895 4207 Spiritus
1954 4140 2014 4192 et
2073 4131 2293 4208 Angeli
2344 4131 2505 4188 omni

382 4247 563 4290 sensu
600 4231 927 4308 gaudeant,
966 4237 1143 4294 etiam
1183 4233 1359 4293 homo
1393 4231 1590 4313 quoad
1632 4234 1906 4308 spiritum
1936 4232 2174 4319 quando
2205 4228 2500 4289 abductus

383 4339 474 4391 est
510 4350 547 4390 a
580 4349 848 4410 corpore.

1935 4435 1953 4487 l
1981 4437 2008 4486 7
2043 4426 2077 4462 '³⁶‘
