3013 5114
344 4769 403 4792 k

584 421 652 474 se
1197 409 1290 462 DE
1334 406 1567 463 0οΕιο
1608 405 1703 460 ET
1736 405 2079 477 JNFERNO.

587 569 1014 632 ConventibuS.
1090 569 1392 627 Feruntur
1429 568 1488 623 in
1525 566 1683 624 hunc
1721 566 1987 624 ordinem
2026 582 2099 623 ex
2136 565 2328 624 forma
2364 563 2563 638 Coeli,
2620 583 2698 624 ex

585 692 706 749 qua
740 673 1152 747 unusquisqne
1193 671 1305 727 scit
1342 685 1519 725 suum
1555 667 1772 726 locum.
1852 667 2212 725 Providetur
2259 669 2438 724 etiarn
2490 684 2527 724 a
2561 667 2693 724 Do-

583 775 759 846 min0,
799 779 865 830 ut
899 774 959 829 in
995 771 1329 845 unaquavis
1371 767 1669 828 Societate
1711 770 1787 826 sit
1824 786 1897 827 ex
1935 770 2091 825 omni
2128 784 2365 843 genere,
2409 785 2483 825 ex
2512 783 2699 826 causa

583 881 648 932 ut
690 874 937 933 Coelum
987 874 1064 929 sit
1114 869 1310 947 quoad
1359 870 1612 927 formam
1664 869 1778 927 sibi
1823 870 2017 928 simile
2065 869 2294 927 ubivis:
2352 868 2462 927 sed
2502 885 2697 944 usque

585 974 780 1034 differt
834 974 1125 1032 ordinatio
1181 974 1363 1029 totius
1427 969 1595 1029 Coeli
1661 970 1733 1028 ab
1793 970 2163 1028 ordinatione
2219 967 2573 1040 SocietatiS‚
2631 975 2698 1027 ut

585 1092 896 1135 commune
955 1091 992 1130 a
1038 1073 1416 1148 particulari3
1471 1089 1611 1129 nam
1661 1071 1997 1130 Societates
2060 1087 2213 1145 quae
2265 1070 2342 1128 ad
2390 1069 2699 1128 Orientem

585 1183 754 1246 sunt,
789 1181 1098 1252 praestant
1133 1173 1251 1231 illis
1289 1171 1679 1231 societatibus
1719 1189 1874 1247 quae
1913 1172 1987 1228 ad
2027 1171 2414 1240 occidentem,
2453 1176 2512 1229 et
2543 1188 2698 1247 quae

512 1325 517 1329 .
588 1277 664 1335 ad
703 1277 1008 1335 meridiem
1045 1279 1360 1362 praestant
1395 1273 1513 1330 illis
1554 1290 1708 1346 quae
1749 1272 1825 1330 ad
1861 1274 2344 1349 septentrionem.

747 1400 777 1453 1
801 1397 908 1453 50.
963 1395 1188 1452 Exinde
1229 1401 1349 1462 est,
1388 1394 1546 1468 quod
1574 1393 1800 1468 Plagae
1839 1394 1897 1450 in
1928 1391 2127 1450 Coelis
2165 1391 2498 1466 significent
2532 1391 2696 1466 talia,

588 1514 741 1572 quae
779 1494 943 1571 apud
984 1494 1119 1552 illos
1174 1496 1274 1568 qui
1324 1493 1408 1551 ibi
1449 1493 1751 1566 habitant,
1805 1510 2020 1568 nempe
2075 1491 2290 1550 Oriens
2332 1508 2598 1550 amorem
2641 1498 2700 1550 et

588 1599 717 1674 ejus
754 1596 975 1654 bonum
1005 1596 1063 1651 in
1100 1595 1485 1670 perceptione
1526 1594 1718 1662 clara,
1756 1592 2051 1652 Occidens
2081 1593 2187 1650 illa
2212 1595 2273 1650 in
2307 1594 2697 1669 perceptione

587 1698 878 1768 obscura,
934 1673 1218 1753 Meridies
1257 1697 1612 1771 sapientiam
1653 1702 1713 1753 et
1747 1694 2200 1770 intelligentiam
2236 1696 2297 1750 in
2343 1693 2477 1751 luce
2516 1692 2697 1767 clara,

589 1807 648 1856 et
684 1797 1025 1873 SeptentrIO
1063 1797 1197 1854 illas
1234 1798 1294 1853 in
1330 1795 1468 1855 luce
1506 1796 1783 1854 obscura.
1865 1795 1942 1853 Et
1978 1797 2120 1875 quia
2166 1795 2309 1852 talia
2355 1794 2698 1869 significan-

588 1908 682 1956 tur
733 1916 843 1975 per
894 1897 1027 1955 illas
1073 1897 1317 1973 plagas,
1373 1896 1509 1956 ideo
1563 1897 1780 1954 similia
1833 1913 1944 1973 per
1994 1895 2130 1953 illas
2185 1894 2595 1970 significantur
2642 1897 2705 1952 in

585 1999 773 2057 Verbi
809 2015 1006 2057 sensu
1057 2001 1291 2057 interno
1344 2015 1456 2057 seu
1492 1997 1792 2074 spirituali
1834 1993 2017 2078 (cce),
2075 2015 2209 2054 nam
2251 2012 2466 2054 sensus
2511 1995 2704 2054 Verbi

586 2103 852 2157 internus
902 2115 1005 2157 seu
1061 2098 1387 2174 spiritualis
1449 2106 1542 2156 est
1595 2115 1844 2174 prorsus
1896 2096 2224 2156 secundum
2288 2097 2392 2155 illa
2438 2114 2590 2172 quae
2642 2098 2702 2154 in

589 2199 791 2258 Coe10.

749 2318 908 2375 151.
963 2317 1335 2377 Contrarium
1386 2324 1478 2377 est
1522 2317 1640 2376 illis
1680 2320 1782 2394 qui
1817 2320 1876 2376 in
1910 2318 2165 2378 Infernis
2203 2325 2367 2393 sunt,
2417 2318 2533 2393 illi,
2600 2321 2705 2394 qui

586 2420 701 2493 ibi,
759 2435 876 2476 non
917 2426 1194 2495 spectant
1232 2419 1310 2477 ad
1345 2420 1668 2478 Dominum
1707 2425 1770 2477 ut
1808 2418 2011 2478 Solem
2047 2427 2152 2477 aut
2186 2427 2252 2477 ut
2290 2420 2551 2491 Lunam,
2593 2418 2705 2478 sed

587 2529 746 2582 retro
785 2538 820 2579 a
855 2520 1114 2580 Domino
1163 2520 1240 2579 ad
1277 2520 1683 2598 Caliginosum
1727 2519 1878 2579 illud
1923 2520 2083 2596 quod
2122 2520 2253 2580 loco
2304 2521 2448 2579 solis
2501 2519 2706 2578 mundi

593 2630 714 2697 est,
773 2631 833 2682 et
870 2622 946 2680 ad
985 2622 1403 2682 Tenebrosum
1441 2621 1618 2699 quod.
1635 2622 1767 2681 loco
1804 2622 1982 2680 lunae
2019 2622 2250 2680 telluris
2291 2631 2410 2698 est3
2458 2621 2561 2695 illi,
2602 2622 2705 2696 qui

593 2724 768 2783 Genii
803 2733 1118 2796 vocantur,
1160 2724 1237 2781 ad
1265 2724 1660 2800 caliginosum
1688 2722 1845 2799 quod
1883 2724 2015 2781 loco
2060 2722 2201 2781 solis
2240 2723 2445 2781 mundi
2484 2729 2605 2790 est,
2643 2729 2706 2780 et

587 2824 706 2891 illi,
768 2825 869 2899 qui
906 2822 1162 2897 Spiritus
1202 2833 1523 2898 vocantur,
1587 2824 1663 2881 ad
1713 2819 2097 2882 tenebrosum
2151 2824 2311 2899 quod
2347 2824 2481 2882 loco
2524 2823 2705 2881 lunae

590 2922 823 2981 telluris
863 2930 956 2981 est
987 2919 1188 3003 (ddd):
1247 2923 1407 2999 quod
1449 2924 1541 2982 sol
1577 2923 1780 2981 mundi
1818 2931 1877 2983 et
1903 2924 2048 2982 luna
2083 2924 2315 2983 telluris
2353 2942 2471 2982 non
2510 2942 2707 2999 appa-

590 3031 762 3081 reant
796 3025 855 3080 in
890 3022 1113 3081 Mundo
1164 3024 1495 3101 spirituali,
1550 3024 1656 3083 sed
1702 3024 1835 3083 loco
1890 3025 2035 3084 solis
2085 3027 2262 3083 istius
2314 3026 2707 3101 caliginosum

593 3123 737 3199 quid
777 3140 853 3182 ex
897 3125 1174 3199 opposito
1226 3126 1302 3183 ad
1347 3123 1549 3183 Solem
1597 3126 1777 3197 coeli,
1830 3132 1889 3183 et
1924 3128 2055 3185 loco
2090 3126 2270 3185 lunae
2307 3129 2480 3185 istius
2531 3134 2707 3185 tene-

589 3225 834 3283 brosum
888 3224 1046 3299 quod
1099 3242 1173 3284 ex
1222 3227 1496 3301 opposito
1551 3226 1627 3285 ad
1675 3226 1908 3284 Lunam
1958 3227 2137 3300 coeli,
2194 3228 2470 3286 videatur
2518 3243 2709 3302 supra
2775 3242 2780 3248 ·

591 3344 660 3385 n:
725 3330 896 3384 1⁶22:
932 3325 1071 3384 inde
1109 3333 1248 3384 sunt
1281 3327 1399 3385 illis
1440 3327 1659 3403 plagae
1698 3330 2014 3403 oppositae
2051 3327 2248 3404 plagis
2285 3323 2464 3404 coefl3
2506 3329 2708 3386 oriens

589 3428 708 3487 illis
757 3435 850 3487 est
897 3427 997 3484 ubi
1041 3426 1429 3504 caliginosum
1476 3436 1536 3487 et
1587 3425 1975 3486 tenebrosum
2023 3428 2200 3503 illud3
2257 3428 2537 3487 occidens
2582 3427 2705 3487 illis

589 3529 695 3588 ubi
736 3528 841 3588 Sol
888 3529 1071 3605 coeli3
1127 3529 1405 3589 meridies
1460 3529 1580 3588 illis
1635 3529 1711 3587 ad
1757 3529 2060 3604 dextrum,
2137 3537 2197 3589 et
2236 3531 2565 3607 septentrio
2626 3529 2708 3588 ad

742 3779 893 3844 (cce)
957 3779 1123 3845 Quod
1176 3780 1387 3833 Oriens
1445 3779 1503 3830 in
1559 3777 1761 3831 Verbo
1818 3777 2105 3850 significet
2158 3796 2417 3832 amorem
2475 3779 2530 3832 in
2576 3797 2711 3851 per·

587 3856 856 3928 ceptione
891 3858 1064 3916 clara,
1111 3874 1164 3906 n:
1211 3863 1376 3916 1250.
1414 3862 1582 3914 3708.
1630 3854 1914 3906 Occidens
1951 3873 2207 3909 amorem
2238 3856 2297 3909 in
2328 3857 2708 3927 perceptione

587 3932 870 3993 obscura,
918 3950 984 3983 n:
1031 3938 1201 3991 3708.
1239 3939 1405 3992 9653.
1487 3930 1765 3984 Meridies
1801 3940 2007 3983 statum
2055 3932 2199 3985 lucis
2249 3949 2349 3985 seu
2391 3932 2709 4003 sapientiae

587 4018 644 4062 et
684 4006 1132 4077 intelligentiae,
1196 4024 1262 4058 n:
1329 4012 1496 4067 1458.
1545 4013 1713 4066 3708.
1776 4014 1959 4075 55723
2027 4017 2084 4060 et
2139 4009 2478 4073 Septentrio
2542 4008 2711 4061 illum

588 4093 793 4138 statum
838 4082 896 4133 in
938 4082 1212 4146 obscum,
1257 4099 1330 4134 n:
1375 4088 1544 4141 3708.

741 4158 910 4226 (ddd)
955 4158 1201 4234 Quinam
1245 4168 1304 4211 et
1343 4158 1542 4230 quales
1585 4168 1717 4211 sunt
1756 4158 1857 4230 epi
1899 4170 2185 4214 vocantur
2230 4158 2437 4221 Genii,
2482 4169 2540 4212 et
2569 4158 2712 4230 qui-

589 4254 718 4289 nam
771 4245 828 4289 et
882 4235 1081 4306 quales
1142 4235 1242 4306 qui
1294 4244 1581 4288 vocantur·
1641 4234 1929 4305 spiritati,
1992 4254 2059 4289 nt
2126 4243 2254 4296 947.
2311 4242 2479 4295 5035.
2538 4241 2707 4294 5977.

591 4316 759 4373 8693.
796 4317 964 4373 8622.
1003 4316 1168 4374 8625·

408 4789 593 5006 Χ
