3013 5114
975 409 1077 462 DE*
1123 409 1383 465 SPATIO
1425 409 1497 463 IN
1545 410 1798 469 COELO.
2339 424 2441 475 101

325 567 646 624 variantur
683 566 1010 626 secundum
1051 570 1414 628 mutationes
1453 575 1646 630 status
1683 573 2028 630 interiorum
2065 572 2331 648 illorum,
2373 574 2445 634 de

323 663 549 742 quibus
605 682 793 742 supra
851 686 922 726 n:
990 669 1126 728 154
1160 669 1236 727 ad
1272 671 1432 729 160.
1523 669 1738 730 Omnia
1788 689 2183 748 quaeeunque
2230 673 2450 750 Angeli

318 765 669 842 possident,
735 773 991 844 accepta
1041 769 1239 828 ferunt
1287 770 1580 846 Domin0,
1665 777 1727 830 et
1786 771 2241 850 quibuscunque
2290 791 2444 851 opus

318 865 578 937 habent,
618 867 736 926 illis
774 868 1087 929 donantur.

883 1039 1010 1106 De
1066 1037 1372 1135 Spatio
1429 1039 1518 1109 in
1573 1038 1862 1110 Coelo.

490 1185 518 1240 1
540 1183 652 1240 91.
689 1180 958 1242 Tametsi
995 1185 1191 1242 omnia
1226 1184 1286 1241 in
1313 1182 1498 1244 Coelo
1532 1201 1783 1260 prorsus
1811 1187 1970 1245 sieut
1997 1188 2057 1245 in
2083 1188 2301 1248 mundo
2331 1207 2442 1266 ap-

326 1286 546 1359 parent
582 1283 642 1339 in
681 1281 814 1341 loco
853 1290 913 1342 et
959 1285 1020 1341 in
1059 1285 1286 1360 spati0,
1345 1301 1541 1360 usque
1578 1291 1781 1344 tamen
1818 1286 2035 1363 Angeli
2071 1287 2296 1347 nullam
2330 1307 2441 1349 no-

321 1385 544 1441 tionem
594 1388 655 1440 et
695 1383 891 1443 ideam
939 1383 1056 1444 loci
1101 1391 1160 1443 et
1198 1387 1381 1461 spatii
1429 1385 1686 1445 habent:
1750 1386 1864 1447 hoe
1916 1389 2055 1464 quia
2088 1406 2207 1447 non
2240 1396 2445 1466 potest

323 1501 442 1540 non
473 1500 770 1559 apparere
809 1485 968 1543 sicut
1006 1485 1377 1561 paradoxon,
1425 1486 1606 1545 velim
1639 1486 1794 1547 hanc
1836 1505 1993 1563 rem,
2059 1491 2201 1566 quia
2245 1493 2447 1568 magni

323 1585 613 1642 momenti
649 1591 772 1658 est,
822 1586 882 1642 in
919 1585 1117 1645 lucem
1151 1580 1384 1645 sistere.

485 1687 513 1742 1
535 1685 643 1742 92.
701 1683 924 1745 Omnes
959 1689 1415 1762 progressiones
1455 1689 1518 1745 in
1552 1688 1771 1747 mundo
1809 1689 2109 1765 spirituali
2145 1690 2294 1749 fiunt
2331 1709 2441 1767 per

323 1767 684 1844 mutationes
721 1791 916 1844 status
951 1787 1330 1861 interiorum,
1384 1787 1472 1845 sic
1510 1794 1575 1845 ut
1626 1792 2088 1864 progressiones
2127 1808 2245 1848 non
2280 1792 2444 1850 aliud

323 1887 443 1943 sint
489 1902 671 1960 quam
703 1888 1062 1945 mutationes
1113 1893 1310 1945 status
1344 1881 1464 1966 (d):
1519 1890 1605 1947 ita
1646 1905 1883 1963 quoque
1925 1907 1962 1946 a
1994 1890 2252 1949 Domino
2289 1909 2436 1966 per-

323 1983 539 2044 ductus
577 2001 711 2044 sum
760 1988 822 2043 in
859 1985 1116 2055 Coelos,
1181 1991 1241 2045 et
1287 2003 1525 2062 quoque
1572 1987 1650 2045 ad
1701 1987 1978 2047 Tellures
2026 1991 2088 2047 in
2137 1991 2440 2066 univers0,

323 2090 386 2143 et
418 2084 537 2143 hoe
576 2087 773 2161 quoad
821 2076 1123 2163 spiritum,
1191 2103 1440 2162 corpore
1481 2094 1759 2147 manente
1804 2090 1865 2146 in
1914 2088 2126 2150 eodem
2159 2091 2291 2149 loco
2324 2084 2441 2172 (e):

323 2186 410 2242 ita
448 2187 914 2262 progrediuntur
960 2203 1167 2245 omnes
1219 2187 1663 2263 Angeli,·inde
1697 2188 1815 2247 illis
1858 2208 1978 2248 non
2029 2198 2167 2251 sunt
2212 2191 2443 2251 distan-

322 2287 462 2359 tiae,
505 2291 564 2344 et
599 2289 653 2344 si
689 2303 809 2345 non
846 2293 987 2345 sunt
1023 2288 1358 2362 distantiae,
1410 2306 1522 2348 neo
1557 2294 1699 2348 sunt
1739 2293 1967 2366 spatia,
2024 2293 2134 2351 sed
2169 2309 2279 2368 pro
2322 2292 2441 2352 illis

319 2391 514 2444 status
561 2392 621 2445 et
662 2404 868 2445 eorum
903 2390 1282 2447 mutationes.

483 2490 510 2544 l
531 2489 643 2546 93.
724 2487 882 2564 Quia
914 2490 1001 2546 ita
1034 2487 1182 2545 fiunt
1214 2490 1706 2566 progressiones»,
1763 2495 1966 2566 patet,
2013 2490 2175 2566 quod
2210 2508 2436 2568 appro-

318 2590 741 2664 pinquationes
789 2592 907 2647 sint
954 2589 1375 2647 similitudines
1424 2589 1622 2663 quoad
1666 2596 1887 2648 statum
1935 2592 2311 2662 interiorum,
2368 2609 2440 2650 ae

317 2691 680 2747 remotiones
717 2689 1260 2764 dissimilitudines3
1299 2689 1437 2747 inde
1467 2695 1589 2758 est,
1629 2691 1786 2765 quod
1821 2693 1883 2747 in
1915 2692 2253 2767 propinquo
2297 2693 2435 2765 sint,

318 2789 421 2864 qui
456 2792 514 2846 in
551 2789 731 2847 simili
765 2796 959 2859 statu,
1013 2796 1072 2848 et
1110 2807 1142 2848 e
1178 2789 1499 2865 longinquo
1553 2792 1654 2865 qui
1703 2792 1763 2848 in
1810 2791 2111 2866 dissimili,
2176 2799 2236 2849 et
2274 2792 2438 2869 quod

317 2891 517 2964 spatia
551 2893 613 2947 in
651 2889 835 2949 Coelo
871 2908 990 2949 non
1039 2892 1159 2948 sint
1206 2891 1322 2948 nisi
1359 2908 1538 2967 quam
1575 2897 1769 2950 status
1810 2893 2040 2950 externi
2076 2909 2433 2970 correspon-

471 3148 560 3213 (cl)
625 3146 790 3214 Quod
845 3150 904 3202 in
953 3150 1157 3202 Verbo
1203 3151 1330 3203 loca
1383 3160 1440 3203 et
1494 3151 1677 3221 spatia
1731 3150 2054 3222 significent
2096 3161 2308 3213 status,
2366 3169 2433 3201 n:

316 3231 488 3283 2625.
526 3231 694 3283 2837·
733 3233 898 3285 3356.
939 3233 1105 3285 3387·
1145 3234 1312 3286 7381.
1352 3234 1571 3286 10578.
1615 3227 1687 3280 ab
1723 3228 2103 3296 experientia,
2148 3245 2216 3279 n:
2262 3233 2431 3286 1274-

319 3307 488 3360 1277·
542 3308 690 3360 1376
742 3300 812 3353 ad
865 3309 1031 3362 1381.
1090 3309 1257 3362 4321.
1321 3309 1487 3362 4882.
1543 3310 1751 3362 10146.
1818 3311 2028 3363 10578.
2134 3300 2300 3366 Quod
2353 3301 2436 3351 di-

317 3376 526 3429 stantia
593 3376 877 3448 significet
941 3377 1328 3431 differentiam
1387 3387 1565 3430 status
1624 3378 1807 3441 vitae,
1892 3396 1958 3430 n:
2026 3384 2194 3436 9104.
2266 3383 2432 3435 9967·

318 3451 491 3539 Quod
530 3463 718 3504 motus
770 3462 826 3505 et
857 3453 1206 3506 mutationes
1251 3452 1369 3505 loci
1406 3454 1464 3503 in
1505 3453 1721 3505 mundo
1764 3452 2052 3522 spirituali
2100 3454 2215 3504 sint
2250 3460 2432 3503 muta·

316 3537 506 3579 tiones
551 3538 727 3580 status
764 3528 947 3593 vitae,
1005 3530 1140 3600 quia
1187 3529 1320 3581 inde
1362 3529 1664 3591 oriuntur,
1719 3545 1788 3580 ιιι
1834 3525 2000 3588 1273.
2044 3533 2214 3587 1274.
2261 3534 2432 3587 1275.

316 3609 484 3662 1377.
534 3612 700 3663 3356.
759 3612 925 3664 9440.
1019 3605 1304 3658 Similiter
1355 3603 1787 3672 profectiones»,
1857 3621 1922 3655 n:
1991 3608 2159 3662 9440.
2212 3610 2429 3664 10734:

315 3678 665 3731 illustratum
700 3679 773 3731 ab
806 3680 1184 3751 experientia,
1227 3697 1284 3731 n:
1324 3686 1470 3737 1273
1494 3678 1562 3730 ad
1596 3686 1762 3737 1277.
1802 3685 1969 3738 5605.
2015 3678 2187 3755 Quod
2213 3678 2345 3731 inde
2377 3679 2435 3731 in

317 3753 525 3806 Verbo
569 3754 861 3825 proficisci
909 3756 1194 3826 significet
1236 3755 1471 3816 vivere,
1515 3763 1571 3805 et
1612 3771 1845 3824 quoque
1884 3752 2318 3825 progressivum
2352 3754 2436 3808 vi-

312 3839 439 3892 tae,
497 3830 767 3883 similiter
814 3833 1209 3902 peregrinari,
1273 3848 1340 3883 n:
1401 3836 1568 3888 3335·
1619 3836 1785 3889 4554.
1835 3836 2005 3889 4585.
2047 3836 2218 3890 4882.
2262 3836 2433 3890 5493.

315 3912 489 3964 5605.
540 3913 707 3965 5996.
755 3914 924 3967 8345.
963 3916 1130 3967 8397.
1182 3914 1351 3966 8417.
1395 3913 1563 3965 8420.
1608 3913 1776 3965 8557·
1856 3906 1950 3958 Ire
1991 3923 2120 3957 cum
2160 3905 2432 3970 Domino,

314 3980 474 4052 quod
510 3981 584 4048 sit
623 3982 826 4035 vivere
863 4001 992 4035 cum
1035 3984 1203 4053 lpse,
1247 4000 1314 4033 n:
1361 3989 1564 4041 10567.

469 4073 555 4139 (e)
619 4075 789 4153 Quod
830 4078 1004 4128 homo
1048 4073 1238 4147 quoad
1292 4073 1562 4145 spiritum
1616 4074 1824 4129 deduci
1885 4075 2070 4147 possit
2109 4075 2169 4126 in
2210 4074 2433 4146 longin-

311 4166 490 4220 quum
534 4167 642 4220 per
692 4151 1039 4204 mutationes
1093 4160 1302 4214 statuS,
1369 4161 1636 4204 manento
1700 4169 1954 4222 corpore
2010 4151 2067 4202 in
2121 4168 2224 4204 suo
2277 4151 2431 4210 loce,

310 4225 484 4278 etiam
534 4225 607 4279 ab
651 4227 1042 4297 experientia,
1084 4244 1151 4278 n:
1196 4234 1363 4288 9440.
1412 4235 1580 4286 9967.
1626 4236 1831 4288 10734.
1915 4226 2069 4303 Quid
2110 4226 2185 4279 sit
2223 4224 2434 4279 abduci

310 4317 344 4353 a
382 4300 593 4372 spiritu
638 4301 696 4353 in
743 4302 918 4355 alium
954 4303 1169 4367 locum,
1213 4321 1281 4356 n:
1329 4309 1499 4364 1884.
