3013 5114
537 386 644 437 168
1160 375 1253 431 DE
1300 373 1543 437 COELO
1587 373 1681 433 ET
1722 372 2061 436 INFERNO.

693 538 853 596 305.
917 535 1038 595 Sed
1077 537 1216 611 quia
1252 535 1429 594 homo
1466 534 1624 592 hune
1660 505 1877 593 nexum
1915 549 2048 590 cum
2090 531 2274 592 Coelo
2311 534 2500 609 rupit,
2551 552 2663 611 per

533 640 595 696 id
632 635 790 713 quod
827 637 1113 694 averterit
1147 637 1430 694 interiora
1467 652 1581 693 sua
1617 652 1653 692 a
1691 633 1912 707 Coe10,
1966 639 2028 691 et
2056 637 2420 693 converterit
2453 635 2560 694 illa
2586 636 2664 694 ad

531 736 814 797 mundum
852 742 911 795 et
947 742 1170 811 semet,
1224 754 1336 814 per
1373 753 1635 794 amorem
1673 737 1769 794 sui
1806 742 1866 793 et
1900 733 2130 808 mundi,
2191 740 2251 793 et
2286 737 2373 794 sic
2412 736 2660 794 subtra-

529 818 823 912 xeritse,
878 844 1094 896 utnon
1132 837 1386 913 amplius
1438 838 1694 893 serviret
1746 834 1929 895 Coelo
1979 852 2090 912 pro
2134 835 2269 894 basi
2319 842 2379 893 et
2437 837 2658 895 funda·

530 946 747 1013 ment0‚
788 938 920 997 ideo
951 939 1259 1014 provisum
1297 945 1389 997 est
1425 955 1461 994 a
1495 937 1753 996 Domino
1790 937 2055 995 Medium
2083 937 2242 1013 quod
2278 937 2411 996 loco
2437 936 2657 997 baseos

532 1048 589 1099 et
629 1039 1000 1098 fundamenti
1043 1046 1205 1097 esset
1243 1037 1456 1112 Coele,
1519 1045 1576 1096 et
1615 1054 1852 1114 quoque
1888 1054 1999 1113 pro
2036 1039 2456 1114 conjunctione
2491 1038 2660 1098 Coeli

529 1159 664 1200 eum
719 1140 955 1199 homine
969 1160 984 1214 3
1054 1139 1165 1198 hoc
1229 1139 1489 1199 Medium
1547 1144 1638 1197 est
1692 1138 1981 1197 Verbum.
2086 1137 2397 1214 Quomodo
2455 1145 2658 1198 autem

530 1238 799 1300 Verbum
835 1242 1084 1300 inservit
1118 1258 1228 1317 pro
1266 1240 1371 1298 tali
1408 1239 1639 1318 Medio,
1697 1239 1898 1297 multis
1937 1244 2243 1298 ostensum
2292 1245 2383 1298 est
2423 1240 2483 1297 in
2519 1241 2654 1298 An·
2709 1281 2732 1305 .

529 1360 705 1400 carus
764 1340 1216 1413 Coenum-nme,
1284 1357 1438 1415 quae
1491 1342 1691 1397 omnia
1736 1341 1795 1397 in
1842 1357 2021 1397 unum
2068 1340 2287 1398 collata
2338 1340 2658 1398 videantur
2727 1347 2733 1352 “

525 1445 588 1500 in
631 1441 940 1518 Opusculo
978 1441 1050 1500 de
1088 1442 1255 1508 EQUo
1294 1434 1501 1514 ΑιΒο,
1561 1440 1633 1498 de
1675 1449 1789 1517 qu'o
1839 1443 1900 1498 in
1935 1432 2333 1517 Apocalypsi3
2390 1447 2448 1498 et
2499 1458 2653 1516 quo-

528 1560 647 1620 que
682 1544 741 1600 in
779 1544 1135 1601 Aprmmcn
1175 1542 1255 1600 ad
1288 1541 1634 1600 Doctrinam
1674 1542 2029 1617 eoelestem3
2090 1560 2170 1604 ex
2209 1541 2423 1616 quibus
2454 1541 2658 1617 aliqua

528 1643 625 1702 hic
664 1643 913 1765 in'notis
943 1642 1054 1701 sub
1093 1642 1250 1703 linea
1287 1641 1615 1702 afferuntur
1645 1636 1784 1737 (ec).

766 1817 947 1825 *Q*-

526 1930 557 1963 a
602 1913 830 1975 Prim0‚
897 1923 952 1965 et
993 1912 1150 1984 quod
1194 1931 1221 1964 a
1279 1915 1408 1989 Quo
1462 1915 1713 1967 existunt
1760 1915 1929 1966 etiam
1977 1913 2321 1975 subsistant,
2386 1924 2442 1966 et
2497 1913 2654 1983 quod

531 1987 850 2041 subsistere
905 1991 979 2041 sit
1028 2000 1313 2060 perpetuo
1367 1990 1648 2052 existere,
1714 2008 1779 2042 n:
1836 2000 2003 2051 2886.
2054 1998 2219 2051 2888.
2271 1998 2438 2049 3627.
2484 1997 2652 2049 3628.

526 2072 696 2125 3648.
729 2072 896 2124 4523.
937 2072 1102 2125 4524.
1134 2073 1302 2124 6040.
1341 2073 1511 2125 6056.
1569 2066 1739 2143 Quod
1767 2067 2011 2119 Divinus
2052 2067 2198 2119 ordo
2228 2083 2345 2118 non
2382 2066 2655 2119 subsistat

445 2147 452 2154 '
523 2139 584 2190 in
620 2139 833 2200 medie,
879 2139 976 2192 sed
1020 2141 1364 2192 terminetur
1408 2142 1463 2192 in
1506 2142 1744 2203 ultim0,
1789 2161 1853 2194 ac
1890 2143 2151 2194 ultimum
2198 2153 2283 2196 est
2323 2143 2529 2204 home,
2578 2142 2654 2194 ita

527 2214 684 2286 quod
728 2214 970 2266 Divinus
1014 2214 1178 2267 Ordo
1234 2217 1580 2269 terminetur
1634 2216 1785 2286 apud
1828 2218 2153 2281 hominem,
2196 2237 2266 2270 nx
2311 2225 2441 2278 634.
2482 2225 2653 2278 2853.

525 2297 694 2349 3632·
740 2297 907 2350 5897.
949 2298 1115 2350 6239.
1160 2299 1326 2351 6451·
1373 2299 1538 2352 6465.
1595 2300 1761 2352 9216.
1820 2301 1988 2352 9217.
2046 2302 2214 2355 9824.
2272 2301 2440 2353 9828.
2486 2303 2652 2354 9836·

527 2372 695 2425 9905.
740 2372 944 2427 10044.
991 2374 1196 2426 10329.
1245 2375 1447 2427 10335.
1487 2376 1695 2428 10548.
1769 2367 1932 2433 Quod
1972 2369 2253 2422 interiora
2288 2371 2494 2422 ordine
2530 2387 2651 2422 sue:

522 2441 752 2495 cessivo
791 2442 1033 2495 influant
1074 2443 1131 2495 in
1173 2453 1408 2496 externa
1450 2444 1636 2516 usque
1678 2445 1735 2496 in
1778 2457 2097 2498 extremum
2142 2463 2240 2498 seu
2268 2446 2553 2508 ultimum,
2597 2457 2655 2498 et

469 2529 473 2535 ·
527 2518 687 2589 quod
729 2518 899 2574 etiam
943 2519 1021 2572 ibi
1068 2518 1312 2573 existant
1339 2530 1396 2574 et
1431 2521 1763 2584 subsistant,
1811 2538 1877 2574 nx
1924 2531 2051 2583 634.
2082 2532 2250 2584 6239.
2281 2531 2448 2583 6465.
2480 2530 2650 2582 9216.

522 2602 692 2654 9217.
774 2596 944 2671 Quod
999 2596 1279 2649 interiora
1334 2597 1580 2650 existant
1634 2607 1691 2651 et
1730 2597 2043 2651 subsistant
2098 2601 2155 2650 in
2209 2601 2415 2652 ultimo
2459 2599 2517 2652 in
2560 2616 2653 2651 or·

521 2669 658 2725 dine
701 2672 1078 2736 simultatum,
1142 2672 1213 2725 de
1266 2691 1383 2745 quo
1437 2692 1504 2725 n:
1553 2682 1721 2733 5897.
1761 2683 1930 2735 6451.
1975 2683 2142 2735 8603.
2189 2684 2395 2735 10999.
2478 2674 2651 2750 Quod

519 2745 656 2799 inde
711 2747 903 2799 omnia
959 2746 1239 2800 interiora
1296 2750 1703 2801 contineantur
1756 2751 1813 2802 in
1868 2768 2016 2803 nexu
2055 2768 2083 2803 a
2127 2753 2325 2812 Primo
2367 2769 2473 2821 per
2512 2751 2649 2805 Ulti-

517 2838 694 2882 mum,
739 2840 795 2872 n:
841 2829 1007 2881 9828.
1075 2823 1244 2898 Quod
1288 2824 1420 2876 inde
1445 2825 1700 2876 Primum
1745 2837 1802 2878 ot
1840 2826 2120 2880 Ultimum
2164 2828 2488 2897 significent
2531 2845 2648 2879 om-

520 2897 616 2949 nia
660 2907 718 2950 et
757 2898 1010 2967 singula,
1069 2899 1145 2949 ita
1190 2909 1405 2961 totum,
1470 2917 1535 2951 n:
1584 2908 1787 2961 10044.
1836 2911 2043 2962 10329.
2090 2911 2294 2963 10335.
2378 2907 2448 2956 Et
2491 2902 2650 2976 quod

520 2971 656 3025 inde
700 2971 759 3023 in
799 2973 1018 3025 ultimis
1058 2973 1132 3025 sit
1181 2974 1366 3027 robur
1400 2985 1456 3026 et
1488 2978 1768 3045 potentia,
1814 2996 1880 3030 n:
1927 2987 2093 3038 9836.

679 3065 798 3131 (cc)
843 3065 1017 3145 Quod
1058 3067 1318 3120 Verbum
1363 3068 1421 3120 in
1466 3086 1638 3123 sensu
1680 3070 1883 3125 literae
1927 3072 2000 3125 sit
2039 3074 2333 3136 naturale,
2377 3091 2432 3125 n:
2478 3080 2649 3133 8783.

516 3140 601 3193 Ex
643 3157 811 3193 causa
853 3142 986 3213 quia
1030 3143 1291 3196 naturale
1325 3154 1410 3196 est
1443 3146 1709 3198 ultimum
1748 3148 1805 3199 in
1855 3149 2013 3219 quod
2063 3149 2333 3202 desinunt
2380 3149 2649 3220 spiritua·

517 3217 595 3270 lia
633 3226 690 3269 et
730 3218 1036 3280 eoelestia,
1101 3237 1248 3291 quae
1298 3232 1429 3272 sunt
1473 3221 1785 3280 interiora.
1844 3235 1900 3277 et
1943 3242 2118 3296 super
2161 3243 2277 3297 quo
2323 3228 2457 3279 haee
2500 3226 2651 3278 sicut

519 3294 726 3346 domus
768 3310 943 3365 super
984 3312 1087 3347 suo
1131 3294 1506 3349 fundamento
1550 3298 1892 3363 subsistunt,
1937 3320 2004 3352 n:
2051 3308 2219 3361 9430.
2265 3310 2432 3362 9433.
2479 3308 2646 3362 9824.

518 3376 729 3431 10044.
775 3378 982 3431 10436.
1063 3372 1138 3427 Ut
1181 3372 1440 3424 Verbum
1478 3374 1590 3427 tale
1626 3374 1719 3437 sit,
1765 3376 1923 3447 quod
1966 3371 2098 3429 ideo
2146 3396 2250 3447 per
2293 3394 2478 3431 meras
2519 3394 2647 3429 cor-

515 3446 962 3518 respondentias
991 3448 1388 3519 conscriptum
1429 3448 1532 3513 sit,
1572 3467 1628 3501 nt
1661 3458 1827 3512 1404.
1860 3460 2026 3514 1408.
2060 3462 2224 3514 1409.
2267 3462 2432 3514 1540.
2476 3461 2643 3513 1619.

519 3531 686 3583 1659.
719 3532 886 3584 1709.
918 3532 1085 3584 1783·
1113 3532 1283 3585 8615.
1315 3533 1520 3586 10687.
1568 3524 1733 3590 Quod
1766 3528 2045 3590 Verbum,
2085 3530 2218 3601 quia
2250 3532 2360 3583 tale
2393 3531 2450 3580 in
2476 3545 2647 3581 sensu

516 3600 758 3663 literae,
814 3601 889 3653 sit
929 3601 1232 3655 continens
1270 3618 1468 3654 sensus
1508 3603 1829 3673 spiritualis
1883 3614 1940 3656 et
1979 3606 2281 3671 coelestis,
2344 3624 2412 3656 n:
2476 3612 2645 3664 9407.

516 3676 590 3726 Et
625 3673 782 3745 quod
815 3676 889 3728 sit
922 3677 1418 3730 accommodatum
1463 3689 1573 3730 tam
1619 3679 1951 3732 hominibus
1992 3698 2160 3753 quam
2190 3682 2409 3753 angelis
2452 3680 2644 3745 simul,

515 3765 589 3799 1¹²
649 3756 797 3810 1769
833 3749 901 3802 ἃᾶ
948 3760 1117 3812 1772.
1164 3761 1333 3813 1887.
1379 3762 1552 3815 2143.
1597 3762 1766 3815 2157·
1820 3763 1988 3816 2275-
2046 3765 2215 3817 2333.
2262 3765 2430 3817 2395·
2474 3763 2641 3817 2540-

519 3831 688 3883 2541.
745 3832 913 3885 2545.
971 3835 1138 3889 2553.
1199 3838 1363 3889 7381·
1421 3838 1589 3892 8862.
1655 3838 1859 3891 10322.
1957 3834 2029 3884 Et
2089 3832 2245 3904 quod
2304 3834 2377 3885 sit
2440 3832 2645 3884 uniens

519 3899 684 3953 (308Ιὶ
730 3911 787 3953 et
821 3911 1032 3965 terrae,
1076 3921 1142 3955 ¹¹2
1188 3911 1356 3965 2310.
1398 3913 1570 3966 2495.
1610 3915 1779 3966 9212.
1821 3916 1988 3968 9216.
2027 3917 2197 3969 9357.
2235 3917 2400 3970 9396·
2438 3916 2642 3968 10375.

517 3972 685 4039 Quod
729 3976 1065 4043 con-junctio
1109 3981 1344 4031 Domini
1401 3998 1532 4033 cum
1578 3982 1813 4036 homine
1869 3984 1942 4036 sit
1985 4002 2093 4054 per
2134 3985 2395 4038 Verbum
2449 3983 2644 4037 medio

518 4067 689 4104 sensu
734 4051 998 4116 interno,
1055 4070 1122 4104 n:
1193 4062 1400 4115 10375.
1485 4055 1651 4121 Quod
1692 4077 1799 4129 per
1840 4061 2031 4112 omnia
2089 4071 2146 4113 et
2192 4061 2415 4133 singula
2456 4059 2644 4113 Verbi

518 4128 592 4179 sit
637 4127 1006 4194 conjunctio,
1082 4139 1140 4181 et
1181 4130 1338 4201 quod
1380 4132 1516 4184 inde
1557 4134 1821 4186 Verbum
1867 4136 1940 4188 sit
1981 4135 2251 4189 mirabile
2302 4153 2442 4207 prae
2485 4134 2643 4188 omni

518 4204 771 4273 scripto,
835 4220 901 4254 n:
968 4212 1174 4265 10632.
1236 4209 1444 4268 10633.
1488 4217 1697 4269 10634.
1781 4209 1946 4274 Quod
1989 4211 2291 4277 Dominus,
2335 4223 2643 4284 postquam

519 4280 782 4364 Yerbum
824 4282 1218 4353 conscriptum
1262 4293 1377 4348 est,
1428 4284 1708 4357 ‚loquatur
1751 4296 1859 4359 per
1902 4287 1968 4364 ἰιῙἱ
2002 4307 2131 4341 cum
2173 4288 2527 4351 hominibus,
2573 4305 2641 4338 n:
