3013 5114
866 406 1183 462 DOMINUS
1225 407 1359 461 EST
1402 406 1582 461 DEUS
1626 406 1852 463 COELI.
2384 419 2415 468 5

294 583 510 627 versus
548 565 854 636 dextrum,
909 584 980 627 ac
1015 568 1076 626 in
1124 566 1486 643 profundum
1523 560 1952 637 demittuntur,
2007 574 2068 626 et
2111 569 2199 627 sic
2235 583 2411 644 pror-

292 652 402 728 sus
431 671 795 744 separantur
821 684 858 725 a
883 667 1133 744 reliquis
1165 686 1197 727 e
1230 666 1566 726 Christiano
1598 665 1779 727 Orbe.
1838 666 1955 743 Qui
1983 673 2186 726 autem
2213 668 2417 728 dicunt

291 786 362 828 se
403 767 650 827 credere
687 770 748 826 in
782 768 1065 826 Divinum
1102 767 1415 840 invisibile,
1458 768 1618 843 quod
1653 769 1954 825 nominant
1988 768 2111 827 Ens
2151 769 2415 828 universi

294 887 334 927 a
369 886 490 945 quo
528 871 729 928 omnia
772 870 1154 941 exstiterant,
1209 885 1280 926 ac
1327 868 1605 945 rejiciunt
1646 867 1821 926 fidem
1871 867 1946 927 de
1987 868 2277 943 Domino,
2330 868 2418 928 illi

295 970 537 1046 experti
583 974 723 1028 sunt
776 968 934 1044 quod
985 971 1047 1026 in
1099 969 1327 1027 nullum
1373 968 1574 1026 Deum
1620 967 1896 1038 credant,
1948 970 2088 1044 quia
2131 969 2415 1027 Divinum

294 1069 594 1128 invisibile
632 1075 725 1127 est
758 1066 876 1127 illis
929 1069 1106 1145 quale
1162 1075 1254 1129 est
1304 1074 1552 1127 naturae
1600 1069 1664 1125 in
1698 1069 1823 1127 suis
1858 1071 2097 1144 primis,
2160 1070 2222 1128 in
2259 1069 2417 1144 quod

294 1187 417 1228 non
453 1169 614 1227 cadit
644 1169 794 1227 fi⁹des
826 1176 884 1228 et
920 1187 1104 1244 amor,
1146 1171 1284 1245 quia
1319 1186 1438 1227 non
1475 1169 1759 1244 cogitatio
1794 1164 1916 1248 (o),
1953 1168 2040 1226 illi
2073 1168 2416 1246 relegantur

281 1262 451 1328 'inter
487 1268 657 1343 illos,
698 1270 799 1344 qui
835 1277 1125 1330 vocantur
1160 1269 1589 1329 Naturalistae.
1658 1268 1851 1327 Aliter
1885 1268 1952 1326 fit
1988 1285 2123 1328 cum
2157 1268 2275 1328 illis
2314 1271 2416 1345 qui

295 1377 470 1429 extra
496 1369 829 1430 Ecclesiam
864 1373 988 1429 nati
1024 1377 1191 1445 sunt,
1259 1372 1362 1445 qui
1410 1370 1637 1430 Gentes
1689 1375 2017 1444 vocantur3
2071 1368 2145 1428 de
2197 1369 2414 1445 quibus

290 1473 352 1528 in
390 1470 801 1546 sequentibus.

454 1575 517 1629 4.
589 1569 811 1630 Omnes
860 1571 1156 1640 InfanteS‚
1225 1589 1300 1630 ex
1362 1571 1580 1647 quibus
1626 1572 1804 1629 tertia
1848 1587 1991 1647 pars
2039 1569 2236 1645 Coeli,
2292 1572 2408 1629 ini-

294 1673 520 1729 tiantur
554 1672 615 1728 in
659 1672 1018 1746 agnitionem
1060 1677 1121 1731 et
1148 1672 1356 1746 fidem,
1415 1671 1576 1748 quod
1609 1671 1906 1729 Dominus
1938 1673 2015 1729 sit
2051 1688 2256 1730 eorum
2291 1671 2412 1729 Pa-

296 1779 418 1846 ter,
477 1780 535 1829 et
570 1776 784 1847 postea
825 1772 985 1847 quod
1031 1774 1111 1832 sit
1159 1774 1422 1830 omnium
1455 1771 1782 1846 Dominus,
1838 1774 1923 1830 ita
1955 1771 2125 1830 Deus
2163 1771 2317 1831 coeli
2353 1778 2415 1830 et

296 1879 511 1931 terrae.
598 1871 772 1947 Quod
809 1871 1077 1933 Infantes
1127 1872 1477 1930 adolescant
1526 1874 1588 1929 in
1641 1872 1863 1942 coelis,
1921 1878 1979 1929 et
2028 1871 2414 1948 perficiantur

295 1990 409 2049 per
443 1973 840 2049 cognitioneS,
883 1989 1078 2047 usque
1114 1974 1177 2030 in
1204 1970 1555 2047 Angolicam
1593 1970 2045 2047 intelligentiam
2076 1978 2135 2031 et
2161 1973 2409 2046 sapien-

293 2074 469 2149 tiam,
527 2073 826 2132 videbitur
860 2074 921 2130 in
956 2062 1368 2150 sequentibus,

457 2175 514 2233 5.
566 2174 744 2251 Quod
777 2173 1070 2233 Dominus
1106 2169 1185 2232 sit
1218 2173 1389 2231 Deus
1441 2170 1627 2242 Coeli,
1665 2188 1785 2229 non
1818 2170 2122 2247 ambigere
2157 2176 2415 2247 possunt

292 2275 381 2333 illi
421 2275 524 2350 qui
552 2274 627 2333 ab
664 2273 939 2332 Ecclesia
979 2280 1137 2349 sunt,
1175 2273 1379 2332 docuit
1415 2274 1568 2331 enim
1595 2272 1758 2348 Ipse,
1805 2269 1996 2347 Quod
2023 2270 2238 2331 omnia
2271 2268 2411 2331 Pa-

296 2374 442 2446 tris,
486 2373 711 2454 Ipsius
747 2373 899 2448 sint,
937 2375 1150 2434 Matth:
1188 2373 1300 2434 XI:
1348 2378 1458 2432 27.
1498 2373 1639 2432 Joh:
1670 2372 1846 2433 XVI:
1893 2373 2002 2431 15.
2033 2371 2179 2448 Cap:
2209 2371 2412 2431 XVH:

300 2480 376 2552 23
417 2481 478 2535 et
512 2473 682 2554 quod
698 2473 844 2554 Ipsi
870 2474 1077 2534 omnis
1093 2479 1383 2554 potestas
1411 2473 1500 2533 sit
1528 2472 1599 2555 ²⁹²}
1624 2469 1786 2532 coelo
1814 2477 1874 2530 et
1894 2470 1964 2530 in
1981 2476 2171 2547 term,
2200 2471 2412 2530 Matth:

294 2575 615 2638 XXVIII:
677 2580 704 2634 1
727 2581 798 2636 8:
842 2579 901 2635 in
941 2576 1124 2636 Coelo
1165 2583 1224 2635 et
1259 2578 1320 2632 in
1359 2575 1553 2632 Terra
1587 2575 1758 2646 dicit,
1798 2574 2078 2647 quoniam
2115 2575 2216 2647 qui
2254 2570 2411 2631 Coe-

294 2677 418 2738 lum
448 2679 603 2753 regit
630 2679 807 2760 etiam
840 2677 1090 2735 Terram
1117 2677 1288 2751 regit,
1322 2692 1499 2732 unum
1533 2669 1688 2731 enim
1713 2671 1939 2748 pendet
1965 2670 2040 2729 ab
2077 2671 2266 2730 altero
2301 2667 2410 2750 (p).

295 2777 535 2854 Regere
575 2776 824 2836 Coelum
862 2784 923 2836 et
951 2777 1221 2850 Terram,
1263 2781 1354 2854 est
1388 2775 1659 2849 recipere
1696 2772 1772 2830 ab
1798 2772 1943 2847 Ipso
1983 2787 2156 2830 omne
2193 2772 2415 2829 bonum

298 2878 460 2954 quod
500 2879 744 2951 amoris,
802 2884 863 2935 et
898 2894 1071 2936 omne
1109 2893 1320 2935 verum
1367 2875 1528 2949 quod
1574 2874 1741 2947 fidei,
1797 2875 1881 2931 ita
1918 2890 2149 2932 omnem
2188 2872 2412 2932 intelli-

297 2981 559 3055 gentiam
597 2985 657 3037 et
695 2979 1082 3054 sapientiam,
1140 2983 1200 3033 et
1234 2977 1323 3034 sic
1360 2993 1597 3033 omnem
1633 2961 2009 3049 felicitatem3
2062 2974 2123 3031 in
2165 2990 2415 3042 summa,

299 3081 486 3137 vitam
524 3084 859 3153 aeternam3
914 3078 1027 3136 hoc
1070 3080 1249 3136 etiam
1288 3076 1583 3134 Dominus
1632 3074 2175 3156 docuit‚,dicendo,
2229 3072 2419 3149 „Qui

298 3177 502 3239 credit
555 3177 624 3237 in
674 3175 959 3248 Filium,
1028 3177 1209 3237 habet
1268 3175 1470 3235 vitam
1514 3180 1833 3236 aeternam
1845 3194 1874 3247 ;
1936 3175 2048 3253 qui
2103 3192 2244 3234 vero
2293 3192 2416 3233 non

299 3277 500 3339 credit
526 3277 726 3349 Filio,
760 3297 886 3337 non
911 3276 1145 3338 videbit
1174 3275 1446 3350 vitam,“
1488 3276 1646 3335 Joh:
1682 3275 1795 3334 111:
1839 3277 1949 3334 36.
1999 3275 2182 3343 Alibi,
2221 3272 2417 3353 „Eyo
2481 3345 2490 3354 ι

296 3396 448 3440 sum
486 3377 862 3441 resurrectio
913 3383 972 3437 et
1024 3377 1190 3453 vita,
1245 3375 1357 3455 qui
1403 3374 1606 3437 credit
1657 3374 1728 3435 in
1770 3373 1905 3452 Me,
1962 3374 2087 3434 etsi
2123 3372 2413 3447 moritur,

298 3478 465 3539 vivet
482 3500 511 3551 ;
566 3480 772 3540 omnis
809 3478 921 3559 qai
958 3477 1119 3539 vivit
1169 3482 1228 3536 et
1266 3475 1467 3537 eredit
1519 3474 1590 3537 in
1638 3473 1778 3547 Me,
1834 3494 1959 3535 non
1999 3473 2305 3534 morietur
2349 3472 2419 3534 in

456 3697 548 3762 (o)
604 3696 775 3774 Quod
816 3696 1091 3750 Divinum
1133 3713 1249 3749 non
1293 3694 1680 3768 perceptibile
1720 3693 1911 3765 aliqua
1956 3692 2114 3756 idea,
2171 3709 2290 3744 non
2330 3709 2420 3745 re·

301 3770 582 3842 ceptibile
624 3773 699 3826 sit
736 3772 881 3836 fide,
926 3790 993 3824 n:
1039 3778 1208 3834 4733.
1254 3779 1420 3831 5110.
1447 3779 1616 3829 5633.
1644 3777 1810 3830 6982.
1850 3777 2016 3829 6996.
2043 3776 2211 3829 7004.
2250 3776 2417 3828 7211.

302 3855 469 3907 9267·
507 3856 676 3908 9359.
722 3856 890 3908 9972.
933 3855 1141 3907 10067·

455 3923 550 3996 (p)
594 3924 765 4003 Quod
808 3924 1142 3977 universum
1199 3923 1442 3975 Coelum
1483 3922 1717 3974 Domini
1754 3922 1859 3984 sit,
1923 3938 1991 3972 n:
2034 3928 2205 3980 2751.
2256 3927 2421 3979 7086.

359 3999 477 4052 uod
505 3997 618 4071 Ipsi
664 4003 919 4071 potestas
959 4000 1019 4052 in
1060 3998 1242 4054 melis
1268 3999 1406 4052 etin
1426 3998 1622 4062 terriS‚
1668 4015 1734 4049 n:
1781 4005 1947 4057 1607.
1978 4003 2182 4057 10089.
2214 4003 2420 4055 10827.

302 3999 477 4152 guod
519 4075 654 4148 quia
697 4076 979 4129 Dominus
1021 4075 1172 4145 regit
1215 4074 1456 4126 Coelum
1492 4073 1663 4128 etiam
1703 4083 1866 4145 regat
1889 4072 2082 4125 omnia
2118 4089 2265 4144 quae
2291 4071 2424 4124 inde

304 4150 593 4220 pendent,
658 4151 737 4204 ita
792 4151 986 4204 omnia
1041 4151 1102 4202 in
1154 4150 1403 4214 mund0,
1467 4168 1537 4201 n:
1583 4157 1751 4210 2026.
1806 4157 1975 4208 2027.
2031 4155 2199 4209 4523.
2254 4154 2421 4207 4524.

310 4226 482 4301 Quod
525 4228 776 4279 Domino
827 4229 950 4281 Soli
1003 4228 1076 4279 sit
1119 4236 1372 4295 potestas
1427 4226 1765 4279 removendi
1810 4225 2068 4287 inferna,
2132 4223 2426 4277 detinendi

309 4316 341 4354 a
385 4302 580 4367 maliS‚
626 4322 689 4356 ae
730 4303 961 4357 tenendi
1007 4303 1065 4354 in
1099 4302 1292 4366 bonu,
1340 4302 1414 4355 ita
1450 4302 1729 4365 salvandi,
1773 4320 1838 4354 n:
1882 4303 2093 4364 10019.
