3013 5114
656 405 751 457 DE
792 403 1311 460 FUNCTIONIBUS
1353 405 1803 462 ANGELORUM
1846 406 1918 460 IN
1963 407 2218 467 COELO.
2387 421 2516 473 233.

374 567 788 642 unusquisque
823 582 971 624 usus
1008 569 1335 626 communis
1366 571 1740 645 componitur
1777 585 1852 628 ex
1885 571 2209 628 innumeris
2243 571 2344 647 qui
2379 589 2492 630 vo-

374 672 585 726 cantur
626 683 777 726 usus
826 666 1037 742 medii,
1094 667 1456 739 administri,
1523 671 1947 746 inservientes3
2004 686 2210 729 omnes
2262 677 2321 730 et
2366 674 2493 729 sin-

371 767 497 845 guli
550 767 878 828 secundum
943 768 1225 828 Divinum
1289 768 1575 830 Ordinem
1631 770 1960 830 coordinati
2013 778 2074 830 et
2128 770 2497 831 subordinati

372 877 540 940 sunt,
592 876 651 928 et
698 867 874 927 simul
923 871 1102 928 sumti
1138 870 1367 930 faciunt
1412 877 1473 930 et
1519 872 1838 949 perficiunt
1883 888 2254 931 communem
2299 889 2491 948 usum,

374 972 477 1045 qui
514 976 607 1028 est
643 969 966 1031 Commune
995 970 1232 1030 bonum,

533 1072 692 1130 393.
750 1071 820 1129 In
856 1071 1297 1131 Ecclesiasticis
1336 1080 1473 1132 sunt
1510 1074 1595 1132 illi
1645 1077 1704 1132 in
1745 1072 1962 1148 Coelo,
2021 1075 2122 1149 qui
2170 1076 2228 1131 in
2274 1075 2493 1133 mundo

374 1170 639 1231 Verbum
691 1179 1079 1247 amaverunt,
1138 1178 1198 1232 et
1248 1190 1320 1232 ex
1368 1174 1665 1234 desIderio
1715 1175 2152 1250 inquisiverunt
2199 1175 2281 1234 ibi
2329 1193 2494 1244 vera,

372 1289 491 1331 non
532 1280 781 1351 propter
816 1273 1099 1334 honorem
1142 1280 1247 1332 aut
1284 1273 1545 1353 lucrum,
1591 1276 1701 1336 sed
1732 1281 1982 1353 propter
2026 1291 2201 1335 usum
2236 1278 2394 1335 vitae
2433 1284 2494 1333 et

373 1389 520 1432 suae
572 1381 632 1433 et
679 1374 931 1433 aliorum
946 1395 961 1451 3
1019 1374 1107 1433 illi
1149 1376 1484 1435 secundum
1533 1394 1795 1436 amorem
1848 1384 1907 1435 et
1942 1374 2305 1435 desiderium
2345 1392 2492 1434 usus

274 1503 282 1509 «
371 1473 454 1533 ibi
493 1477 553 1532 in
589 1474 985 1547 illustratione
1023 1483 1163 1534 sunt
1198 1492 1269 1535 ac
1304 1479 1365 1535 in
1401 1477 1538 1538 luce
1584 1479 1943 1554 sapientiae,
1993 1479 2054 1535 in
2099 1493 2275 1552 quam
2313 1479 2491 1535 etiam

368 1577 613 1635 veniunt
651 1593 725 1634 ex
773 1576 977 1635 Verbo
1014 1580 1075 1635 in
1114 1576 1347 1652 CoeIiS,
1414 1580 1573 1655 quod
1619 1596 1738 1638 non
1785 1577 2057 1637 naturale
2112 1583 2206 1636 est
2241 1578 2396 1636 sicut
2430 1579 2492 1636 in

370 1676 617 1752 mundo,
675 1677 784 1736 sed
828 1678 1172 1753 spirituale,
1230 1678 1506 1739 videatur
1541 1696 1728 1756 supra
1778 1698 1850 1738 n:
1906 1678 2082 1737 259:
2137 1677 2199 1735 hi
2234 1677 2489 1736 Praedi-

369 1782 635 1837 catorum
677 1795 926 1838 munere
966 1780 1321 1856 funguntur,
1379 1797 1449 1838 ac
1493 1781 1577 1840 ibi
1626 1780 1954 1840 secundum
1993 1778 2276 1838 Ordinem
2313 1779 2490 1837 Divi-

365 1896 507 1936 num
547 1882 606 1937 in
650 1882 947 1956 superiori
981 1881 1116 1939 loco
1160 1887 1300 1938 sunt
1336 1883 1438 1957 qui
1474 1882 1774 1958 sapientia
1810 1898 1880 1938 ex
1918 1878 2317 1938 illustratione
2355 1879 2489 1937 aliis

355 1986 694 2056 praestant.
789 1980 860 2040 In
919 1981 1211 2040 Civilibus
1265 1988 1406 2039 sunt
1449 1982 1538 2040 illi
1593 1986 1696 2058 qui
1758 1983 1820 2040 in
1871 1979 2090 2038 mundo
2135 1986 2490 2040 amaverunt

364 2082 629 2139 Patriam
667 2087 726 2139 et
763 2083 895 2159 ejus
926 2099 1236 2142 commune
1271 2061 1490 2141 bonum
1529 2100 1677 2160 prae
1714 2098 1856 2154 suo,
1912 2098 1983 2140 ac
2011 2080 2242 2157 justum
2292 2085 2352 2137 et.
2387 2097 2487 2139 re·

365 2188 525 2241 ctum
561 2183 833 2241 fecerunt
870 2202 944 2243 ex
993 2201 1195 2243 amore
1228 2185 1384 2262 justi
1434 2190 1494 2243 et
1538 2186 1717 2259 recti3
1774 2190 2058 2259 quantum
2097 2180 2163 2239 hi
2203 2199 2278 2240 ex
2314 2197 2484 2238 amo-

364 2286 446 2342 ris
504 2283 802 2343 desiderio
846 2288 1285 2362 inquisiverunt
1332 2285 1502 2362 leges
1544 2287 1726 2364 justi,
1784 2301 1854 2343 ac
1899 2284 2037 2343 inde
2082 2282 2488 2360 intelligentes

363 2385 506 2443 facti
541 2391 713 2460 sunt,
778 2392 1004 2446 tantum
1056 2390 1116 2446 in
1160 2387 1446 2446 facultate
1500 2393 1641 2444 sunt
1687 2384 2139 2445 administrandi
2179 2384 2374 2442 officia
2425 2383 2489 2440 in

365 2484 569 2561 Coe10,
611 2502 765 2561 quae
810 2490 986 2547 etiam
1026 2488 1439 2546 administrant.
1477 2488 1536 2544 in
1575 2504 1645 2546 eo
1682 2488 1815 2545 loco
1858 2493 1961 2544 aut
1997 2484 2220 2563 gradu,
2275 2486 2337 2541 in
2373 2500 2490 2559 quo

269 2579 274 2580 ⁷
366 2593 461 2646 est
485 2586 882 2665 intelligentia
912 2607 1136 2663 eorum,
1182 2605 1338 2667 quae
1376 2592 1552 2647 etiam
1592 2595 1731 2647 tunc
1759 2590 1818 2646 in
1846 2588 1979 2665 pari
2013 2585 2202 2664 gradu
2234 2592 2325 2645 est
2352 2600 2487 2641 cum

362 2705 562 2747 amore
598 2705 746 2747 usus
787 2709 897 2767 pro
935 2693 1234 2751 communi
1269 2690 1449 2749 bon0.
1529 2689 1869 2749 'Praeterea
1902 2691 1961 2747 in
2000 2686 2186 2747 Coelo
2222 2692 2313 2745 tot
2350 2683 2486 2742 offi-

361 2792 455 2849 cia
500 2795 560 2848 et
608 2795 695 2847 tot
744 2792 1287 2851 administrationes
1342 2796 1520 2865 sunt,
1579 2795 1639 2849 et
1691 2808 1929 2868 quoque
1984 2794 2072 2848 tot
2119 2805 2366 2865 operae,
2424 2794 2490 2844 ut

363 2893 702 2971 enumerari
738 2892 812 2951 ob
865 2895 1096 2969 copiam
1147 2899 1483 2969 nequeant,
1536 2893 1597 2950 in
1648 2893 1867 2951 mundo
1915 2896 2054 2950 sunt
2102 2906 2334 2966 paucae
2382 2905 2483 2947 re-

362 2994 662 3067 spective:
719 3010 956 3068 omnes,
1016 3001 1396 3070 quotcunque
1433 2998 1604 3068 sunt,
1659 2995 1721 3051 in
1744 2993 2012 3069 jucundo
2054 2993 2150 3051 sui
2186 2992 2385 3069 operis
2424 2995 2487 3054 et

358 3091 579 3151 laboris
624 3100 766 3152 sunt
804 3112 878 3154 ex
918 3111 1121 3153 amore
1157 3111 1340 3167 usuS,
1399 3101 1456 3153 et
1483 3112 1658 3153 nemo
1691 3111 1764 3152 ex
1801 3112 2005 3155 amore
2041 3094 2136 3151 sui
2170 3099 2274 3152 aut
2309 3091 2484 3166 lucri3

356 3175 602 3254 necest
638 3194 818 3254 alicui
854 3213 1021 3254 amor
1054 3195 1205 3255 lucri
1258 3195 1351 3256 ob.
1380 3197 1611 3265 vitam,
1659 3198 1797 3272 quia
1846 3211 2050 3256 omnes
2089 3195 2482 3254 necessitates

357 3298 520 3355 vitae
547 3295 666 3354 illis
705 3298 890 3373 gratis
927 3297 1257 3368 donantur,
1305 3295 1578 3355 habitant
1626 3299 1843 3373 gratiS,
1901 3297 2238 3356 vestiuntur
2279 3294 2482 3369 gratis,

356 3404 687 3455 vescuntur
725 3401 949 3473 gratis:
1005 3416 1080 3457 ex
1136 3397 1351 3473 quibus
1404 3404 1609 3474 patet,
1663 3397 1823 3473 quod
1873 3397 1973 3472 qui
2027 3398 2377 3453 amaverunt
2418 3407 2485 3449 se

360 3504 420 3554 et
455 3498 739 3557 mundum
779 3517 927 3575 prae
966 3516 1113 3573 usu,
1157 3516 1277 3556 non
1311 3501 1371 3556 in
1411 3497 1596 3557 Coelo
1634 3498 1896 3573 aliquam
1933 3501 2156 3555 sortem
2190 3493 2483 3552 habeant:

360 3597 546 3655 Amor
595 3600 749 3657 enim
787 3616 935 3658 suus
984 3616 1097 3660 seu
1151 3597 1386 3657 affectio
1440 3601 1802 3657 sua‘manet
1847 3598 2304 3671 unumquemvis
2346 3599 2488 3669 post

357 3698 543 3755 vitam
582 3700 643 3756 in
684 3700 935 3774 mundo,
973 3718 1085 3760 nec
1128 3691 1504 3776 exstirpatur.
1522 3700 1581 3756 in
1620 3705 1950 3772 aeternum,
1992 3695 2266 3756 videatur
2301 3714 2486 3775 supra

350 3818 421 3858 n:
483 3800 645 3858 363.

515 3902 677 3961 394.
736 3901 1003 3979 Quisque
1039 3905 1100 3961 in
1139 3902 1321 3963 Coelo
1369 3904 1431 3959 in
1471 3918 1582 3960 suo
1621 3918 1804 3978 opere
1844 3907 1935 3959 est
1971 3899 2302 3960 secundum
2342 3918 2478 3960 cor-

356 4002 869 4080 respondentiam,
926 4010 989 4064 et
1037 4001 1569 4079 correspondentia
1620 4020 1739 4062 non
1777 4009 1871 4063 est
1923 4019 2057 4061 cum
2099 4018 2315 4079 opere,
2373 4003 2482 4062 sed

358 4106 495 4161 cu‘m
534 4118 648 4164 usu
703 4106 971 4182 cujusvis
1022 4107 1256 4183 operis,
1314 4103 1593 4162 videatur
1646 4121 1832 4182 supra
1885 4123 1954 4163 n:
2016 4105 2187 4177 112,
2247 4110 2307 4162 et
2343 4120 2479 4163 cor-

256 4190 259 4193 *
354 4205 785 4279 respondentia
822 4213 914 4266 est
950 4208 1231 4281 omnium,
1283 4224 1354 4263 n:
1408 4208 1579 4265 106:
1621 4208 1722 4285 qui
1759 4204 2044 4265 in.Coelo
2083 4206 2143 4260 in
2179 4205 2481 4261 functione

354 4310 458 4363 aut
500 4323 682 4383 opere
719 4307 1228 4385 correspondente
1269 4308 1405 4366 usui
1458 4306 1590 4382 ejus
1631 4313 1751 4376 est,
1807 4309 1858 4366 is
1904 4308 1963 4363 in
2014 4319 2262 4380 prorsus
2306 4302 2484 4361 simili
