3013 5114
612 426 643 477 4
1219 418 1316 471 DE
1361 415 1594 470 COELO
1637 415 1729 470 ET
1769 414 2099 470 INFERNO.

608 582 666 635 et
702 574 852 653 Ipse
876 574 947 635 ’ἱη
970 572 1206 633 Patre:
1259 576 1318 631 et
1344 571 1513 652 quod
1539 571 1649 650 qui
1685 572 1856 632 videt
1882 572 2131 652 Ipsum,
2173 573 2387 633 videat
2411 572 2679 634 Patrem
2699 595 2720 635 .·

605 681 665 735 et
690 675 857 754 quod
884 694 1059 734 omne
1094 672 1403 733 Sanctum
1437 674 1515 733 ab
1537 672 1690 752 Ipso
1722 673 2054 751 procedat,
2107 675 2256 735 Joh:
2305 675 2398 733 X:
2455 677 2564 735 30.
2602 677 2716 736 38.

608 776 763 852 Cap:
800 775 986 834 XIV:
1028 774 1154 852 [9.]
1205 777 1312 832 10.
1358 778 1465 832 11.
1527 774 1682 849 Cap:
1720 773 1902 833 XVI:
1952 777 2058 835 13.
2110 778 2215 834 14.
2264 777 2370 834 15.
2467 776 2717 852 Loquu-

604 885 702 935 tus
739 893 873 935 sum
910 893 1046 934 cum
1081 875 1329 950 Angelis
1370 877 1614 951 saepius
1654 874 1727 934 de
1762 875 1874 934 hac
1914 893 2005 949 re,
2066 882 2124 935 et
2166 882 2509 934 constanter
2540 876 2715 935 dixe-

603 983 776 1046 runt,
831 976 989 1051 quod
1023 993 1138 1033 non
1165 978 1400 1051 possint
1433 977 1493 1032 in
1534 975 1715 1033 Coelo
1755 975 2122 1051 distinguere
2159 976 2442 1035 Divinum
2478 979 2537 1033 in
2579 978 2711 1051 tria,

605 1079 882 1153 quoniam
918 1078 1112 1135 sciunt
1149 1086 1208 1134 et
1244 1077 1582 1151 percipiunt
1610 1075 1767 1149 quod
1794 1076 2078 1134 Divinum
2114 1095 2296 1134 unum
2322 1080 2416 1150 sit,
2458 1084 2517 1135 ot
2557 1075 2716 1153 quod

602 1196 786 1234 unum
833 1179 911 1235 sit
956 1179 1016 1235 in
1057 1177 1343 1234 Domino:
1410 1176 1689 1233 dixerunt
1728 1178 1937 1249 etiam,
1996 1177 2154 1253 quod
2192 1179 2292 1252 qui
2329 1178 2405 1235 ab
2442 1177 2718 1236 Ecclesia

605 1294 678 1335 ex
714 1277 932 1335 mundo
971 1279 1244 1348 veniunt,
1286 1276 1449 1351 apud
1487 1294 1635 1352 quos
1674 1275 1812 1333 idea
1848 1280 2022 1335 trium
2059 1278 2409 1335 Divinorum
2444 1284 2556 1352 cst,
2587 1294 2717 1356 'non

601 1380 835 1454 possint
870 1377 1102 1435 admitti
1134 1379 1197 1435 in
1235 1376 1514 1446 Coclum,
1568 1377 1846 1452 quoniam
1885 1386 2045 1436 errat
2082 1395 2287 1437 eorum
2318 1380 2597 1455 cogitatio
2638 1377 2716 1435 ab

600 1494 720 1535 uno
778 1477 861 1534 ad
923 1478 1203 1547 alterum,
1272 1484 1331 1534 et
1392 1494 1510 1535 non
1565 1476 1648 1534 ibi
1699 1476 1841 1535 licet
1895 1481 2158 1554 cogitare
2207 1485 2330 1537 tres
2392 1485 2451 1536 et
2513 1478 2716 1538 dicere

600 1595 782 1635 unum
824 1573 930 1657 (n),
980 1579 1120 1652 quia
1157 1579 1408 1652 quisque
1445 1579 1504 1634 in
1543 1578 1710 1637 coelo
1750 1596 1822 1635 ex
1864 1580 2219 1654 cogitatione
2260 1579 2555 1654 loquitur,
2622 1583 2717 1636 est

602 1680 758 1735 enim
798 1677 880 1735 ibi
914 1677 1156 1753 loquela
1192 1678 1513 1753 cogitativa
1557 1695 1665 1737 seu
1715 1681 1992 1755 cogitatio
2039 1678 2289 1754 loquens
2304 1699 2319 1754 3
2376 1696 2562 1754 quare
2611 1681 2715 1754 qui

600 1783 659 1837 in
698 1778 917 1836 mundo
955 1779 1355 1836 distinxerunt
1402 1778 1688 1836 Divinum
1723 1780 1783 1835 in
1832 1780 1971 1852 tria,
2027 1796 2099 1837 ac
2134 1785 2478 1855 separatam
2516 1779 2715 1838 ideam

602 1879 676 1938 de
713 1881 1045 1954 unoquovis
1085 1884 1472 1953 acceperunt,
1516 1886 1576 1937 et
1611 1897 1729 1937 non
1755 1880 1920 1937 illam
1948 1880 2007 1936 in
2036 1880 2291 1937 Domino
2331 1897 2511 1938 unam
2545 1880 2712 1938 sece-
2789 1938 2790 1941 ,

599 1985 736 2037 runt
774 1986 833 2038 et
876 1984 1443 2048 concontraverunt‚
1496 1998 1616 2038 non
1661 1982 1849 2057 recipi
1898 1986 2180 2055 possunt3
2237 1979 2413 2037 datur
2461 1980 2714 2038 enimin

599 2080 766 2138 coelo
797 2082 1065 2138 'omnium
1105 2082 1527 2154 cogitationum
1568 2081 2021 2138 communicatio
2034 2123 2051 2154 ,
2111 2098 2296 2155 quare
2334 2082 2386 2139 si
2420 2079 2563 2138 illuc
2599 2096 2709 2139 ve-

599 2181 782 2253 niret,
842 2181 942 2254 qui
978 2179 1199 2254 cogitat
1248 2186 1369 2236 tres
1412 2185 1472 2235 et
1526 2179 1666 2237 dicit
1702 2198 1913 2253 unum,
1971 2181 2169 2238 statim
2206 2183 2715 2240 internosceretur

522 2347 527 2351 ,
603 2286 662 2338 et
709 2279 1077 2354 rejiceretur.
1162 2277 1284 2338 Sed
1331 2278 1640 2337 sciendum
1693 2287 1811 2353 est,
1870 2279 2027 2355 quod
2075 2297 2281 2340 omnes
2330 2280 2418 2339 illi
2459 2283 2713 2357 quinon

599 2386 1041 2455 separaverunt
1093 2396 1302 2437 verum
1339 2396 1375 2436 a
1412 2379 1568 2438 bono
1622 2396 1733 2438 seu
1771 2381 1949 2439 fidem
2004 2380 2078 2438 ab
2128 2397 2363 2451 amore,
2418 2382 2479 2439 in
2519 2381 2713 2439 altera

599 2482 757 2549 vita,
813 2497 945 2538 cum
1001 2482 1302 2555 instructi,
1358 2481 1653 2556 recipiant
1695 2481 1892 2541 ideam
1944 2479 2268 2541 coelestem
2316 2481 2390 2541 de
2435 2481 2712 2552 Domino,

598 2582 756 2658 quod
796 2584 873 2640 sit
907 2582 1077 2640 Deus
1114 2583 1377 2640 universi
1393 2602 1410 2657 3
1467 2583 1642 2641 aliter
1696 2600 1840 2642 vero
1900 2583 2001 2658 qui
2051 2582 2226 2641 fidem
2278 2587 2714 2659 separaverunt

595 2702 634 2740 a
673 2685 825 2757 vita,
882 2684 994 2742 hoc
1032 2690 1149 2757 est,
1208 2686 1454 2758 quinon
1483 2685 1763 2744 vixerunt
1799 2682 2127 2743 secundum
2164 2689 2494 2760 praecepta
2532 2700 2711 2744 verae

592 2783 750 2842 fidei.

808 2885 868 2939 3.
928 2881 1044 2957 Qui
1080 2884 1237 2939 intra
1267 2882 1602 2941 Ecclesiam
1638 2889 2010 2960 negaverunt
2038 2884 2376 2958 Dominum,
2424 2890 2483 2941 et
2518 2900 2709 2959 agno-

598 2992 816 3043 verunt
854 2981 1046 3041 solum
1096 2983 1373 3056 Patrem,
1433 2989 1492 3041 et
1539 2984 1597 3041 in
1637 2984 1742 3042 tali
1778 2984 1893 3044 fide
1931 3001 1997 3043 se
2048 2984 2569 3058 confirmaverunt,
2624 2983 2715 3041 illi

598 3092 769 3144 extra
822 3082 1055 3141 coelum
1105 3090 1244 3141 sunt
1256 3102 1272 3158 3
1330 3090 1391 3142 et
1439 3085 1581 3159 quia
1614 3103 1730 3144 non
1769 3085 1943 3143 datur
1979 3083 2139 3162 apud
2190 3084 2325 3143 illos
2364 3083 2577 3159 aliquis
2614 3084 2709 3141 in-

596 3185 791 3243 fluxus
831 3201 863 3242 e
903 3181 1116 3257 Coele,
1174 3185 1275 3242 ubi
1324 3184 1618 3244 Dominus
1665 3185 1832 3245 solus
1880 3185 2191 3261 adoratur,
2244 3187 2554 3261 privantur
2598 3200 2713 3260 per

598 3285 818 3363 gradus
867 3284 1151 3343 facultate
1197 3285 1497 3361 cogitandi
1540 3305 1751 3345 verum
1796 3287 1870 3346 de
1930 3303 2283 3362 quacunque
2321 3302 2419 3357 re,
2475 3290 2535 3344 et
2571 3290 2708 3343 tan-

598 3387 731 3445 dem
769 3386 916 3444 fiunt
953 3385 1052 3443 vel
1102 3388 1254 3443 sicut
1294 3389 1461 3459 muti,
1520 3387 1618 3446 vel
1652 3387 1978 3463 loquuntur
2013 3384 2261 3461 stolide,
2320 3392 2380 3445 et
2418 3387 2477 3443 in
2514 3384 2711 3444 eundo

600 3495 827 3561 errant,
886 3503 954 3544 ac
995 3486 1241 3546 brachia
1290 3505 1498 3546 eorum
1532 3489 1799 3565 pendent
1847 3495 1906 3547 et
1953 3487 2263 3546 vibrantur
2297 3488 2452 3546 sicut
2488 3503 2710 3563 exper-

596 3590 680 3646 tia
728 3590 942 3646 virium
996 3589 1056 3645 in
1111 3587 1480 3646 internodiis.
1574 3588 1690 3664 Qui
1743 3596 1946 3647 autem
1997 3593 2374 3665 negaverunt
2424 3586 2711 3649 Divinum

595 3688 869 3757 Domini,
908 3695 968 3747 et
1003 3695 1373 3766 agnoverunt
1408 3688 1604 3747 solum
1643 3690 1988 3748 Humanum
2016 3689 2246 3766 Ipsius,
2285 3696 2352 3746 ut
2387 3687 2708 3759 Sociniani,

593 3788 683 3847 illi
717 3789 991 3848 similiter
1030 3795 1200 3848 extra
1237 3788 1486 3849 Coelum
1534 3796 1701 3864 sunt,
1743 3807 1812 3849 ac
1850 3790 2123 3850 feruntur
2158 3795 2496 3849 antrorsum
2525 3786 2712 3865 paulo

750 4009 841 4074 (n)
884 4007 1053 4085 Quod
1093 4007 1404 4061 Christiani
1442 4008 1501 4060 in
1536 4009 1716 4062 altera
1750 4008 1868 4063 vita
1904 4008 2210 4079 explorati,
2256 4008 2482 4081 qualem
2523 4005 2713 4060 ideam

599 4083 668 4137 dc
710 4087 834 4137 Deo
875 4101 992 4136 uno
1034 4083 1345 4146 haberent,
1411 4094 1468 4138 et
1510 4084 1665 4156 quod
1708 4095 2071 4156 compertum
2115 4085 2188 4138 sit
2232 4084 2390 4156 quod
2429 4082 2713 4143 haberent

600 4156 785 4213 id‘eam
838 4159 1015 4213 trium
1071 4159 1348 4224 deorum,
1414 4179 1482 4213 n:
1528 4168 1695 4219 2329.
1754 4169 1921 4221 5256·
1981 4168 2189 4220 10736.
2246 4166 2453 4220 10738.
2500 4165 2709 4218 10821·

597 4237 768 4313 Quod
812 4236 1082 4290 Divinum
1137 4237 1380 4290 Trinum
1433 4236 1491 4289 in
1549 4237 1799 4291 Domino
1853 4247 2202 4309 agnoscatur
2255 4237 2314 4287 in
2358 4234 2573 4298 Coele,
2637 4249 2709 4286 nt

602 4320 689 4373 14·
735 4322 827 4376 15.
871 4320 1038 4375 1729.
1082 4320 1250 4376 2005·
1294 4321 1462 4378 5256.
1509 4321 1675 4374 9303.
