3013 5114
569 388 600 438 6
1184 375 1277 428 DE
1322 373 1556 428 COELO
1601 373 1692 426 ET
1734 371 2069 427 INFERNO.

568 537 954 609 aeternumf‘
996 534 1138 593 Joh:
1175 533 1289 592 XI:
1333 536 1443 590 24.
1488 534 1599 590 25.
1656 533 1734 589 Et
1761 531 1921 605 alibi,
1967 529 2162 608 „Eyo
2191 549 2334 592 sum
2362 531 2487 608 via,
2526 534 2691 593 veri-

569 643 691 710 tas,
750 641 810 694 et
850 635 1056 710 vita,“
1095 633 1247 693 Joh:
1303 632 1487 691 XIV:
1535 636 1592 692 6.

788 740 845 794 6.
899 735 1170 793 Fuerunt
1205 733 1444 809 quidam
1485 731 1745 809 Spiritus
1767 780 1783 809 ,
1842 735 1942 807 qui
1983 733 2122 791 dum
2159 734 2219 790 in
2258 734 2476 792 mundo
2517 736 2691 794 vixe-

570 843 735 908 runt,
789 835 1046 912 professi
1082 841 1221 892 sunt
1258 833 1536 903 Patrem,
1592 841 1651 892 et
1686 835 1760 893 de
1801 834 2058 892 Domino
2096 851 2213 891 non
2251 834 2431 892 aliam
2464 834 2686 909 ideam,

574 955 751 1013 quam
787 938 947 994 sicut
981 934 1055 993 de
1094 933 1211 993 alio
1262 934 1498 993 homine
1550 924 1920 1010 habuerunt,
1979 941 2039 993 et
2087 934 2223 993 inde
2261 952 2377 993 non
2415 935 2692 994 credide-

574 1044 712 1096 runt
748 1037 953 1112 Ipsum
1014 1051 1150 1093 esse
1208 1034 1405 1094 Deum
1461 1033 1659 1111 Coeli3
1717 1043 2083 1111 quapropter
2136 1035 2252 1094 illis
2302 1036 2698 1112 permitteba-

576 1146 671 1195 tur
708 1138 1171 1212 circumvagari,
1229 1141 1287 1194 et
1323 1136 1622 1213 inquirere
1659 1136 2000 1212 ubicunque
2039 1135 2294 1208 vellent,
2352 1153 2491 1193 num
2530 1136 2696 1193 aliud

579 1237 826 1297 Coelum
884 1239 963 1296 sit
1019 1254 1196 1312 quam
1251 1235 1520 1310 Domini3
1578 1239 2016 1312 inquisiverunt
2077 1238 2253 1293 etiam
2303 1254 2413 1312 per
2468 1236 2696 1312 aliquot

584 1337 744 1412 dies,
803 1345 864 1396 et
898 1337 1106 1394 nullibi
1141 1338 1513 1394 invenerunt.
1599 1337 1783 1394 Erant
1819 1337 1905 1394 illi
1939 1339 2093 1393 inter
2129 1337 2311 1409 tales,
2365 1339 2464 1412 qui
2499 1337 2695 1396 felici-

575 1418 761 1496 tatem
815 1437 966 1495 coeli
1022 1436 1325 1512 ponebant
1376 1438 1434 1492 in
1500 1437 1691 1512 gloria
1755 1455 1824 1496 ac
1891 1440 1951 1496 in
2014 1438 2348 1508 dominatu,
2433 1444 2493 1494 et
2554 1439 2695 1511 quia

581 1555 696 1596 non
751 1539 929 1613 potiri
977 1543 1303 1611 potuerunt
1341 1553 1494 1612 quae
1546 1539 1931 1612 cupiverunt,
1989 1544 2048 1595 et
2100 1537 2316 1595 dictum
2366 1538 2484 1595 illis
2537 1537 2698 1611 quod

575 1637 811 1696 coelum
852 1654 966 1694 non
1006 1638 1294 1695 consistat
1334 1640 1394 1694 in
1432 1636 1685 1710 talibus,
1743 1638 2033 1714 indignati
2069 1644 2235 1707 sunt,
2274 1645 2335 1695 et
2375 1638 2695 1696 voluerunt

582 1737 829 1796 Coelum
857 1736 1113 1810 habere,
1153 1740 1211 1794 in
1250 1754 1367 1813 quo
1404 1744 1656 1814 possent
1684 1739 1972 1797 dominari
2009 1754 2194 1814 supra
2233 1738 2414 1808 aliOS,
2454 1745 2514 1797 et
2542 1739 2695 1796 emi-

575 1855 718 1897 nere
756 1838 946 1916 gloria
984 1837 1146 1913 quali
1182 1839 1238 1894 in
1277 1838 1513 1896 mundo.

661 2024 913 2122 Quod
966 2025 1390 2094 Divinum
1442 2027 1812 2096 Domini
1865 2027 2149 2096 faciat
2204 2024 2586 2096 Coelum.

791 2184 852 2236 7.
906 2178 1125 2254 Angeli
1170 2178 1349 2236 simul
1397 2181 1580 2236 sumti
1630 2178 1909 2236 dicuntur
1951 2178 2230 2251 Coelnm,
2290 2180 2431 2252 quia
2466 2181 2694 2237 consti-

578 2287 756 2338 tuunt
781 2277 958 2352 illud3
997 2279 1107 2336 sed
1135 2294 1326 2353 usque
1356 2284 1450 2336 est
1473 2278 1760 2336 Divinum
1789 2279 2125 2355 procedens
2154 2297 2191 2337 a
2218 2279 2493 2352 Domino,
2534 2279 2697 2359 quod

576 2380 768 2437 influit
803 2378 966 2454 apud
1015 2377 1262 2454 angelos
1276 2423 1292 2452 ‚
1351 2384 1412 2438 et
1463 2378 1625 2454 quod
1670 2381 1959 2454 recipitur
2008 2378 2084 2437 ab
2138 2380 2287 2454 illis,
2342 2379 2502 2454 quod
2554 2379 2698 2436 facit

578 2478 813 2539 coelum
859 2480 922 2537 in
959 2481 1254 2537 communi
1304 2488 1365 2538 et
1402 2480 1472 2537 in
1510 2488 1698 2555 parte.
1779 2480 2066 2538 Divinum
2113 2478 2447 2555 procedens
2487 2497 2524 2536 a
2558 2478 2693 2536 Do-

575 2584 734 2640 mino
775 2585 870 2638 est
911 2579 1132 2639 bonum
1169 2584 1390 2640 amoris
1433 2589 1494 2639 et
1530 2600 1738 2640 verum
1773 2581 1939 2655 fidei3
1997 2589 2284 2658 quantum
2317 2580 2517 2655 itaque
2554 2580 2698 2638 boni

577 2691 639 2741 et
677 2683 808 2740 veri
840 2684 1143 2757 recipiunt
1178 2700 1215 2739 a
1249 2683 1539 2757 Domino,
1607 2689 1837 2743 tantum
1870 2676 2089 2759 Angeli
2136 2688 2336 2753 sunt,·
2358 2688 2418 2739 et
2463 2686 2694 2738 tantum

575 2781 826 2841 Coelum
863 2788 1019 2837 sunt.

718 2883 727 2898 ²
791 2884 852 2939 8.
909 2878 1341 2955 Unusquisque
1377 2883 1437 2938 in
1479 2881 1679 2940 Coelis
1720 2884 1833 2940 scit
1874 2890 1935 2940 et
1970 2883 2187 2956 credit,
2244 2885 2363 2940 imo
2409 2882 2686 2957 percipit,

583 2979 744 3057 quod
777 2979 926 3038 nihil
960 2979 1101 3038 boni
1138 2997 1210 3039 ex
1245 2996 1311 3038 se
1347 2979 1493 3038 velit
1530 2988 1591 3038 et
1625 2982 1841 3052 faciat,
1876 2989 1936 3040 et
1971 2983 2114 3040 nihil
2151 2985 2276 3041 veri
2313 3000 2388 3039 ex
2425 2999 2492 3039 se
2524 2981 2695 3056 cogi-

578 3087 666 3140 tet
706 3088 767 3139 et
801 3079 1035 3153 credat‘,
1091 3079 1201 3139 sed
1252 3096 1322 3139 ex
1368 3080 1623 3155 Divino,
1680 3084 1765 3140 ita
1817 3100 1891 3140 ex
1928 3083 2217 3153 Domin0,
2271 3090 2333 3140 et
2378 3081 2537 3159 quod
2579 3080 2695 3138 bo-

577 3198 720 3239 num
756 3187 819 3240 et
861 3198 1072 3238 verum
1109 3197 1264 3257 quae
1292 3200 1329 3238 a
1363 3189 1558 3240 semet
1595 3198 1711 3240 non
1751 3186 1871 3241 sint
1906 3184 2124 3241 bonum
2163 3191 2224 3241 et
2257 3201 2499 3251 verum,
2553 3183 2698 3257 quia

579 3284 666 3341 eis
710 3299 830 3339 non
874 3283 996 3339 vita
1033 3298 1070 3338 a
1101 3281 1322 3342 Divino
1359 3284 1545 3340 inest:
1602 3282 1819 3360 Angeli
1866 3286 2055 3342 intimi
2094 3284 2247 3342 coeli
2296 3285 2477 3342 etiam
2531 3281 2694 3339 clare

579 3383 921 3458 percipiunt
954 3363 1028 3439 ‘et
1064 3384 1325 3439 sentiunt
1370 3383 1689 3454 influxum,
1746 3392 1806 3442 et
1852 3393 2138 3458 quantum
2178 3386 2502 3460 recipiunt,
2555 3387 2692 3439 tan·

586 3492 711 3541 tum
746 3482 1026 3541 videntur
1061 3482 1176 3540 sibi
1212 3484 1272 3539 in
1310 3482 1477 3544 coelo
1510 3500 1676 3557 esse,
1718 3488 1860 3559 quia
1893 3479 2210 3543 tantum‘in
2236 3500 2438 3542 amore
2470 3489 2531 3542 et
2554 3481 2691 3554 fide,

581 3591 642 3642 et
690 3589 922 3640 tantum
972 3586 1034 3641 in
1085 3583 1221 3642 luce
1268 3583 1699 3659 intelligentiae
1753 3594 1813 3643 et
1848 3587 2214 3660 sapientiae,
2272 3585 2429 3642 etin
2474 3581 2694 3659 gaudio

580 3682 834 3742 coelesti
870 3683 1044 3741 inde:
1084 3687 1361 3759 quoniam
1393 3686 1592 3742 omnia
1617 3684 1722 3742 illa
1748 3685 2082 3760 procedunt
2115 3702 2152 3742 a
2184 3684 2405 3743 Divino
2433 3683 2693 3754 Domini,

583 3784 736 3841 etin
775 3782 892 3841 illis
945 3789 1038 3840 est
1088 3785 1321 3843 coelum
1376 3786 1634 3859 angeliS‚
1692 3789 1861 3860 patet
1911 3785 2070 3870 quod
2121 3785 2407 3843 Divinum
2453 3783 2702 3842 Domini

575 3885 757 3942 iaciat
792 3883 1056 3951 coelum,
1110 3892 1170 3941 et
1203 3902 1320 3942 non
1356 3885 1557 3960 angeli
1594 3902 1668 3943 ex
1703 3885 1904 3960 aliquo
1945 3886 2187 3962 proprio
2227 3903 2338 3945 suo
2384 3881 2490 3965 (q).
2544 3882 2694 3942 Inde

729 4114 820 4186 (q)
865 4112 1036 4188 Quod
1078 4114 1280 4185 Angeli
1325 4115 1473 4167 coeli
1512 4127 1824 4185 agnoscant
1859 4131 2028 4168 omne
2069 4118 2293 4169 Bonum
2339 4132 2461 4168 esse
2502 4132 2532 4166 a
2577 4117 2692 4166 Do-

578 4190 755 4251 mino,
800 4201 857 4241 et
898 4188 1044 4241 nihil
1082 4207 1116 4243 a
1153 4201 1364 4255 semen
1408 4202 1465 4243 et
1504 4192 1662 4263 quod
1699 4193 1982 4246 Dominus
2022 4192 2082 4245 in
2123 4193 2244 4247 Suo
2285 4191 2504 4245 habitet
2544 4187 2697 4259 apud

581 4265 744 4330 illos,
820 4275 874 4319 et
929 4282 1041 4319 non
1099 4266 1156 4318 in
1212 4267 1457 4339 proprio
1518 4268 1789 4338 illorugn,
1865 4287 1931 4320 n:
1990 4274 2161 4330 9838.
2220 4273 2694 4329 10125.=10151.
