3013 5114
571 387 868 443 COELUM
909 388 981 442 IN
1024 387 1298 444 MINORE
1340 388 1608 457 FORMA‚
1653 389 1747 444 ET
1786 390 1863 443 IN
1901 387 2187 447 MINIMA.
2372 400 2441 450 27

313 554 379 607 ut
416 563 581 607 unus
616 549 679 606 in
713 548 936 606 Forma
971 548 1275 625 angelica3
1314 550 1451 609 inde
1482 556 1594 626 est,
1636 549 1796 626 quod
1823 550 2118 609 Dominus
2153 551 2216 607 in
2242 549 2447 609 Verbo

315 649 560 709 dicatur
594 647 869 724 Angelus
889 668 906 724 3
964 655 1024 707 et
1061 666 1298 726 quoque
1338 649 1500 726 quod
1534 652 1767 726 integra
1802 648 2107 725 Societas3
2163 649 2444 723 Michae‘l,

318 748 572 809 Gabriel
611 755 673 808 et
708 748 987 824 Raphaiil
1024 766 1140 808 non
1189 756 1333 809 sunt
1367 752 1481 808 nisi
1519 769 1697 827 quam
1737 748 2073 810 Societates
2113 751 2441 828 angelicae,

312 867 473 927 quae
512 867 552 907 a
590 848 998 908 functionibus
1036 850 1164 908 suis
1200 852 1285 908 ita
1325 852 1705 910 nominantur
1744 846 1931 931 (ddd).

531 969 642 1028 53.
697 965 868 1027 Sicut
900 969 1133 1044 integra
1161 967 1435 1029 Societas
1466 976 1561 1030 est
1588 966 1836 1029 Coelum
1870 972 1930 1028 in
1965 973 2192 1030 minore
2228 970 2437 1045 forma,

309 1072 398 1129 ita
435 1085 677 1145 quoque
716 1074 810 1126 est
844 1067 1115 1144 Angelus
1155 1068 1405 1128 Coelum
1441 1073 1501 1129 in
1537 1071 1813 1145 minima3
1868 1088 2007 1128 nam
2044 1070 2291 1130 Coelum
2326 1088 2446 1130 non

315 1177 409 1229 est
446 1175 623 1228 extra
649 1168 979 1245 Angelum,
1019 1168 1129 1227 sed
1161 1170 1320 1227 intra
1342 1169 1532 1247 illum3
1568 1172 1857 1228 interiora
1893 1173 2049 1231 enim
2094 1171 2244 1247 ejus,
2285 1188 2443 1246 quae

315 1277 459 1328 sunt
495 1270 717 1328 mentis
760 1269 922 1345 ejuS,
979 1269 1271 1345 disposita
1304 1276 1445 1330 sunt
1481 1273 1543 1329 in
1583 1271 1832 1329 formam
1866 1269 2049 1342 coeli,
2107 1272 2190 1328 ita
2226 1271 2303 1328 ad
2338 1288 2438 1329 re-

313 1372 655 1446 ceptionem
686 1371 947 1427 omnium
985 1368 1154 1429 Coeli
1189 1388 1344 1446 quae
1381 1378 1553 1431 extra
1587 1371 1755 1431 illum
1791 1377 1933 1430 sunt
1945 1391 1961 1445 3
2018 1372 2234 1446 recipit
2261 1372 2441 1430 etiam

309 1470 418 1529 illa
457 1469 792 1530 secundum
832 1469 1010 1545 quale
1046 1469 1215 1545 boni,
1282 1472 1442 1546 quod
1479 1479 1572 1532 est
1603 1474 1666 1530 in
1700 1471 1803 1531 illo
1841 1489 1917 1532 ex
1951 1472 2241 1545 Domin03
2297 1470 2437 1529 inde

315 1576 411 1630 est
444 1570 718 1646 Angelus
758 1587 997 1647 quoque
1036 1569 1302 1630 Coelum.
2097 1566 2128 1581 ‘

531 1690 640 1748 54.
695 1688 1010 1764 Nusquam
1053 1690 1167 1749 dici
1203 1698 1439 1767 potest,
1498 1693 1659 1768 quod
1696 1692 1945 1752 Coelum
2002 1695 2082 1751 sit
2116 1698 2288 1750 extra
2322 1691 2436 1759 ali-

317 1809 527 1866 quem,
568 1789 679 1848 sed
719 1790 895 1864 intra,
934 1807 1071 1849 nam
1110 1793 1300 1850 omnis
1336 1791 1606 1868 Angelus
1643 1793 1971 1851 secundum
2003 1793 2237 1852 coelum
2279 1792 2440 1869 quod

313 1894 475 1949 intra
510 1889 680 1948 illum
718 1896 841 1959 est,
890 1893 1105 1967 recipit
1153 1891 1388 1950 coelum
1441 1892 1602 1966 quod
1656 1898 1827 1951 extra
1870 1893 2039 1950 illum
2094 1899 2206 1952 est.
2289 1891 2440 1951 Inde

312 1998 524 2068 patet,
580 1997 871 2066 quantum
908 1990 1133 2048 fallitur
1170 1993 1271 2067 qui
1309 1991 1499 2049 credit
1538 1991 1697 2066 quod
1731 1994 1937 2050 venire
1972 1995 2036 2050 in
2072 1992 2325 2063 coelum,
2365 1992 2445 2048 sit

315 2092 515 2152 solum
568 2090 798 2151 elevari
847 2093 1002 2152 inter
1047 2091 1346 2168 Angelos,
1392 2092 1829 2169 qualiscunque
1876 2094 1954 2150 sit
2003 2092 2201 2168 quoad
2254 2093 2438 2150 vitam

310 2195 660 2252 interiorem
696 2207 900 2266 suam,
937 2195 1023 2250 ita
1059 2192 1220 2267 quod
1248 2192 1496 2252 Coelum
1526 2193 1700 2251 detur
1725 2195 1940 2269 cuique
1979 2209 2051 2252 ex
2085 2192 2437 2252 immediata

310 2273 729 2353 Misericordia
767 2288 957 2372 (eee);
996 2309 1131 2351 cum
1167 2300 1367 2352 tamen
1401 2296 1519 2353 nisi
1556 2293 1805 2353 Coelum
1839 2297 1919 2353 sit
1957 2296 2113 2353 intra
2148 2293 2435 2368 aliquem,

309 2394 459 2452 nihil
496 2392 649 2453 coeli
687 2393 845 2466 quod
896 2399 1066 2451 extra
1113 2401 1238 2467 est,
1302 2394 1492 2452 influit
1540 2400 1599 2454 et
1647 2397 1955 2470 recipitur.
2065 2394 2217 2454 Sunt
2265 2393 2436 2451 multi

311 2493 604 2571 Spiritus,
664 2493 861 2569 quiin
896 2492 1003 2551 tali
1049 2497 1326 2571 opinione
1375 2501 1547 2568 sunt,
1604 2512 1675 2553 ac
1712 2495 1849 2553 ideo
1898 2511 2138 2575 quoquc
2191 2501 2440 2570 propter

307 2596 492 2654 fidem
527 2611 734 2664 suam,
777 2597 840 2652 in
877 2593 1127 2653 Coclum
1162 2598 1359 2655 evecti
1394 2602 1560 2669 sunt3
1615 2595 1726 2653 sed
1759 2612 1894 2653 cum
1930 2594 2014 2652 ibi
2056 2600 2259 2662 erant,
2297 2595 2439 2668 quia

306 2696 561 2755 interior
597 2698 725 2754 vita
762 2712 965 2753 eorum
996 2697 1296 2754 contraria
1332 2702 1460 2755 erat
1492 2696 1655 2753 vitae
1691 2696 1752 2752 in
1789 2711 1909 2770 qua
1945 2692 2175 2769 angeli,
2211 2709 2435 2768 caepe-

309 2804 453 2855 runt
491 2796 689 2871 quoad
745 2795 1179 2855 intellectualia
1230 2812 1342 2855 sua
1395 2798 1739 2868 occaecari,
1792 2810 1984 2871 usque
2025 2800 2092 2851 ut
2132 2794 2274 2853 facti
2321 2795 2441 2852 sint

314 2899 474 2956 sicut
508 2898 690 2969 fatui,
748 2904 810 2955 et
847 2897 1047 2973 quoad
1080 2897 1422 2956 voluntaria
1457 2912 1572 2956 sua
1619 2898 1873 2956 cruciari
1921 2912 2114 2971 usque
2152 2902 2218 2954 ut
2252 2912 2433 2971 gere-

308 3005 445 3057 rent
481 3015 549 3057 se
593 3000 752 3056 sicut
800 2996 1144 3057 dementes:
1196 2994 1415 3069 verbo,
1464 3000 1569 3074 qui
1602 2997 1758 3057 male
1794 2999 2033 3070 vivunt,
2092 3003 2152 3055 et
2190 2998 2251 3054 in
2288 3012 2431 3054 coe-

306 3098 434 3156 lum
477 3101 758 3172 veniunt,
822 3098 1067 3157 trahunt
1100 3098 1185 3157 ibi
1219 3101 1475 3157 animam
1530 3105 1592 3158 et
1639 3105 1990 3174 torquentur
2027 3098 2433 3173 comparative

466 3354 635 3422 (ddd)
681 3353 848 3420 Quod
887 3354 1170 3407 Dominus
1213 3354 1270 3405 in
1315 3353 1517 3406 Verbo
1554 3352 1781 3407 dicatur
1821 3354 2108 3426 Angelus,
2153 3364 2219 3409 n:
2267 3359 2433 3413 6280.

310 3440 480 3492 6831.
509 3439 675 3492 8192.
703 3439 869 3491 9303.
925 3429 1087 3495 Quod
1124 3429 1346 3501 integra
1391 3429 1652 3483 Societas
1690 3431 1965 3501 Angelica
2000 3429 2226 3481 dicatur
2249 3428 2433 3499 Ange-

308 3510 433 3576 lus;
477 3518 536 3561 et
573 3508 729 3579 quod
756 3507 1004 3560 Michae'l
1037 3516 1094 3559 et
1124 3504 1376 3576 Raphae‘l
1398 3506 1513 3559 sint
1546 3506 1853 3559 societates
1879 3505 2172 3575 angelicae
2208 3520 2275 3556 ex
2308 3502 2434 3556 fun·

306 3584 604 3637 ctionibus
640 3583 718 3636 ita
761 3583 969 3647 dictae,
1013 3600 1082 3635 n:
1129 3589 1300 3642 8192.
1356 3579 1522 3646 Quod
1562 3582 1884 3636 Societates
1909 3579 2099 3645 Coeli,
2145 3590 2201 3633 et
2223 3578 2428 3652 Angeli

306 3659 708 3731 non·aliquod
747 3676 960 3712 nomen
1001 3658 1286 3722 habeant,
1351 3657 1447 3709 sed
1505 3656 1663 3728 quod
1707 3656 2120 3729 dignoscantur
2161 3674 2227 3710 ex
2270 3656 2424 3729 quali

306 3735 473 3799 boni,
519 3746 576 3788 et
618 3753 685 3788 ex
727 3734 856 3788 idea
897 3734 969 3788 de
1011 3734 1134 3797 illo,
1179 3751 1247 3785 nt
1294 3740 1460 3793 1705.
1508 3739 1674 3792 1754.

465 3831 621 3896 (ece)
679 3827 841 3893 Quod
887 3828 1129 3884 Goelum
1171 3846 1288 3881 non
1325 3828 1579 3881 donetur
1622 3844 1689 3881 ex
1734 3826 2058 3881 immediata
2099 3827 2432 3880 Misericor-

238 3907 247 3916 '
308 3906 438 3970 dia,
485 3906 584 3959 sed
627 3904 944 3959 secundum
985 3905 1195 3968 vitam,
1241 3915 1297 3958 et
1332 3903 1490 3977 quod
1526 3921 1697 3957 omne
1734 3904 1886 3957 vitae
1920 3922 2028 3975 per
2068 3903 2224 3975 quod
2257 3905 2432 3956 homo

306 4001 339 4035 a
380 3981 634 4036 Domino
678 3981 911 4035 ducitur
950 3981 1020 4034 ad
1063 3980 1325 4045 coelum,
1373 3981 1446 4034 sit
1483 3999 1551 4035 ex
1588 3980 2050 4045 Misericordia‚·
2082 3990 2137 4033 et
2180 3977 2338 4051 quod
2376 3977 2432 4030 id

308 4058 698 4131 intelligatur,
755 4075 822 4109 nt
868 4065 1037 4118 5057.
1083 4064 1289 4117 10659.
1373 4057 1434 4111 Si
1484 4058 1711 4110 coelum
1766 4056 2086 4111 donaretur
2128 4074 2195 4109 ex
2237 4054 2432 4107 imme-

306 4134 461 4188 diata
514 4134 954 4196 Misericordia,
1018 4132 1175 4204 quod
1231 4133 1503 4187 omnibus
1559 4134 1908 4195 donaretur,
1972 4152 2040 4185 nx
2098 4139 2265 4191 2401.
2346 4132 2432 4181 De

308 4209 654 4281 quibusdam
696 4209 861 4263 malis
903 4228 934 4263 e
977 4210 1147 4262 coelo
1188 4209 1428 4276 dejectis
1472 4209 1572 4282 qui
1616 4208 1994 4264 crediderunt
2037 4208 2266 4280 coelum
2305 4204 2430 4259 dari

306 4286 493 4339 cuivis
537 4304 605 4341 ex
646 4285 973 4341 immediata
1009 4284 1437 4351 Misericordia,
1480 4303 1549 4339 n:
1596 4293 1762 4347 4226.
