3013 5114
607 465 714 514 21⁶2
1211 453 1312 506 DE
1358 449 1591 504 COELO
1634 449 1727 504 ΕΤ
1767 449 2098 504 INFERNO.

608 621 747 674 sunt
758 634 775 690 3
830 615 1146 690 pauciores
1188 617 1390 670 autem
1444 629 1520 670 ex
1555 609 1674 669 illis
1730 611 1830 686 qui
1878 609 2154 668 honorati
2203 614 2344 667 sunt
2395 616 2460 666 >et
2505 607 2717 669 divites

607 716 750 774 sacti
788 730 901 790 per
935 713 1301 787 functiones3
1359 729 1434 770 ex
1463 727 1650 771 causa
1685 713 1826 787 quia
1862 710 1926 768 hi
1959 727 2069 786 per
2110 709 2474 768 lucrationes
2518 718 2578 767 et
2612 727 2721 789 per

606 815 863 874 honores
922 814 998 872 ob
1050 812 1533 889 dispensationes
1580 811 1735 888 justi
1791 819 1851 870 et
1901 812 2084 879 recti,
2137 816 2260 868 tum
2308 810 2612 873 lucrorum
2659 817 2721 871 et

603 916 922 988 honorum,
979 913 1095 972 sibi
1141 912 1343 987 datoS,
1396 911 1626 972 inducti
1660 914 1779 970 sint
1817 917 2012 971 semet
2049 918 2107 970 et
2161 912 2450 970 mundum
2498 929 2718 990 amare,

600 1024 665 1074 et
699 1033 811 1093 per
850 1015 912 1073 id
947 1015 1337 1091 cogitationes
1376 1019 1435 1071 et
1476 1012 1820 1071 affectiones
1859 1030 1892 1072 e
1930 1012 2099 1071 coelo
2141 1029 2488 1087 removere,
2548 1021 2608 1072 et
2643 1006 2720 1072 ad

605 1134 671 1175 sc
715 1124 979 1192 vertere,
1035 1133 1172 1173 nam
1209 1123 1494 1190 quantum
1528 1113 1705 1171 homo
1755 1120 1949 1172 semet
1991 1120 2050 1172 et
2096 1114 2379 1172 mundum
2417 1120 2608 1186 amat,
2663 1121 2722 1173 et

607 1234 673 1276 se
716 1234 785 1276 ac
825 1216 1105 1275 mundum
1159 1218 1219 1273 in
1274 1214 1546 1274 omnibus
1602 1221 1866 1290 spectat,
1924 1220 2156 1273 tantum
2214 1231 2280 1273 se
2337 1213 2640 1275 abalienat
2686 1233 2724 1274 a

604 1317 852 1392 Divino,
907 1334 976 1376 ac
1012 1323 1283 1376 removet
1324 1333 1359 1372 a
1400 1314 1604 1374 Coelo,

768 1445 927 1503 361.
982 1441 1128 1501 Sors
1163 1441 1411 1500 divitum
1447 1444 1506 1498 in
1547 1440 1730 1499 Coelo
1769 1447 1862 1499 est
1895 1441 2062 1514 talis,
2119 1441 2277 1517 quod
2316 1443 2376 1499 in
2419 1441 2724 1518 opulentia

608 1548 728 1602 sint
771 1561 921 1620 prae
960 1542 1242 1618 reliquiS,
1296 1542 1534 1616 quidam
1584 1541 1820 1600 illorum
1858 1545 1917 1600 in
1968 1541 2206 1618 palatiis
2258 1542 2557 1616 habitant,
2621 1540 2725 1601 ubi

605 1647 765 1702 intus
806 1645 1004 1703 omnia
1038 1643 1271 1719 fulgent
1303 1644 1461 1702 sicut
1510 1660 1583 1700 cx
1634 1660 1780 1702 auro
1832 1652 1892 1702 et
1931 1650 2210 1718 argent03
2264 1643 2382 1701 illis
2421 1624 2610 1718 copia'
2632 1650 2725 1702 est

608 1747 869 1803 omnium
907 1761 1061 1820 quae
1101 1743 1179 1802 ad
1215 1759 1363 1802 usus
1416 1745 1578 1801 vitae
1600 1763 1615 1818 3
1671 1759 1882 1802 verum
1916 1759 2164 1819 prorsus
2201 1761 2319 1801 non
2353 1750 2581 1820 ponunt
2623 1760 2724 1802 cor

608 1849 670 1902 in
708 1846 860 1917 illis,
916 1844 1024 1903 sed
1060 1846 1120 1916 in
1156 1847 1304 1921 ipsis
1333 1830 1579 1918 usibus,
1626 1844 1737 1903 hos
1775 1852 2051 1921 spectant
2087 1847 2146 1903 in
2182 1844 2344 1902 claro
2384 1851 2443 1903 et
2478 1846 2633 1903 sicut
2665 1846 2728 1902 in

607 1947 776 2020 luce,
825 1963 1036 2004 aurum
1074 1954 1276 2004 autem
1312 1951 1372 2005 et
1409 1952 1722 2020 argentum
1762 1947 1823 2003 in
1861 1945 2115 2004 obscuro
2146 1952 2206 2003 et
2231 1947 2388 2004 sicut
2421 1947 2482 2002 in
2517 1943 2729 2004 umbra

610 2050 980 2123 respective:
1038 2064 1224 2105 causa
1272 2054 1392 2118 est,
1451 2048 1590 2120 quia
1638 2049 1701 2103 in
1752 2045 1972 2104 mundo
2021 2052 2375 2117 amaverunt
2424 2061 2598 2118 usus,
2654 2062 2726 2104 ac

612 2165 823 2204 aurum
862 2154 923 2204 et
958 2153 1270 2222 argentum
1307 2145 1481 2203 modo
1532 2148 1687 2205 sicut
1733 2146 1932 2205 media
1981 2152 2041 2205 et
2075 2148 2356 2206 servitia:
2407 2146 2525 2222 ipsi
2579 2161 2724 2205 usus

606 2250 691 2307 ita
725 2249 785 2304 in
822 2246 991 2304 coelo
1037 2245 1296 2322 fulgent,
1351 2246 1576 2304 bonum
1626 2263 1772 2305 usus
1819 2254 1885 2305 ut
1933 2265 2174 2321 aurum,
2233 2254 2292 2306 et
2328 2263 2534 2306 verum
2576 2262 2722 2305 usus

611 2343 1157 2427 utargentun1(f)t
1215 2346 1423 2422 quales
1473 2349 1678 2422 itaque
1728 2347 1845 2404 illis
1897 2363 2046 2406 usus
2093 2347 2336 2407 suerunt
2377 2349 2438 2405 in
2483 2346 2720 2421 mundo,

608 2447 749 2506 talis
787 2453 879 2506 est
920 2446 1039 2506 illis
1078 2447 1419 2525 opulentia,
1475 2455 1536 2506 et
1573 2448 1709 2506 talis
1738 2448 2087 2525 jucunditas
2126 2454 2186 2506 et
2219 2448 2493 2508 felicitas·
2561 2446 2722 2508 Usus

604 2549 748 2608 boni
781 2555 950 2619 sunt,
1002 2566 1068 2609 se
1108 2556 1170 2618 et,
1207 2566 1348 2609 suos
1385 2551 1737 2627 prospicere
1773 2550 2132 2609 necessariis
2166 2550 2362 2625 vitae3
2409 2544 2723 2608 abundan-

608 2653 749 2709 tiam
792 2651 950 2710 velle
987 2652 1221 2727 patriae
1257 2668 1471 2725 causa,
1513 2655 1694 2709 etiam
1731 2653 2012 2727 proximi,
2053 2653 2150 2709 cui
2187 2650 2356 2709 dives
2392 2668 2538 2727 prae
2565 2667 2722 2726 pau-

606 2769 755 2826 pere
791 2752 993 2810 multis
1030 2752 1221 2811 modis
1250 2750 1608 2810 benefacere
1644 2758 1874 2828 potest3
1915 2757 1975 2811 et
2010 2755 2150 2828 quia
2178 2753 2265 2810 sic
2293 2754 2552 2811 animum
2587 2756 2725 2825 pot-

611 2857 706 2909 est
741 2869 1132 2909 removere-a
1166 2853 1287 2909 vita
1317 2854 1536 2923 otiosa,
1603 2870 1759 2928 quae
1797 2854 1920 2910 vita
1956 2855 2294 2928 perniciosa
2331 2858 2452 2922 est,
2504 2853 2726 2910 namin

604 2952 710 3009 illa
763 2952 939 3009 homo
999 2954 1223 3026 cogitat
1266 2951 1423 3010 male
1474 2969 1550 3010 ex
1598 2952 1755 3010 malo
1811 2952 1926 3010 sibi
1972 2956 2167 3011 insito,
2249 2946 2531 3011 Hi'usus
2586 2952 2725 3010 boni

608 3058 765 3122 sunt,
806 3056 1092 3125 quantum
1131 3052 1191 3109 in
1230 3067 1297 3109 se
1334 3051 1619 3110 Divinum
1657 3034 1897 3126 habent,
1935 3053 2049 3114 hoc
2088 3061 2197 3123 est,
2236 3060 2520 3130 quantum
2546 3052 2723 3112 homo

608 3157 844 3227 spectat
879 3151 1161 3209 Divinum
1201 3157 1259 3210 et
1302 3152 1379 3210 ad
1406 3151 1689 3225 Coelum,
1743 3161 1804 3212 et
1835 3170 2015 3213 suum
2051 3154 2279 3213 bonum
2295 3157 2356 3213 in
2391 3155 2510 3213 illis
2538 3155 2724 3230 ponit,

610 3257 669 3311 et
702 3254 762 3310 in
809 3250 1023 3327 opibus
1060 3252 1234 3311 modo
1269 3254 1491 3312 bonum
1525 3257 1877 3313 inserviens.

764 3517 838 3583 (f)
883 3514 1044 3581 Quod
1091 3533 1259 3568 omne
1303 3514 1519 3567 bonum
1565 3532 1728 3567 suum
1770 3515 2086 3582 jucundum
2131 3516 2334 3570 habeat
2376 3532 2441 3569 ex
2483 3533 2621 3579 usu,
2668 3524 2726 3568 et

609 3594 924 3646 secundum
965 3610 1132 3655 usus,
1195 3610 1263 3647 n:
1310 3600 1476 3652 3049.
1521 3598 1691 3652 4984.
1729 3599 1907 3652 7038:
1953 3602 2008 3643 et
2051 3609 2286 3664 quoque
2327 3610 2492 3644 suum
2533 3591 2725 3664 quale,

609 3668 742 3720 inde
785 3670 971 3741 qualis
1008 3680 1095 3721 est
1128 3686 1265 3722 usus
1300 3670 1409 3723 tale
1447 3669 1698 3732 bonum,
1743 3687 1810 3719 n:
1856 3675 2022 3728 3049.
2064 3725 2067 3728 ,
2104 3668 2274 3745 Quod
2316 3668 2502 3721 omnis
2543 3667 2726 3721 felici-

609 3755 694 3796 tas
737 3756 792 3797 et
831 3745 1157 3811 jucunditas
1198 3745 1351 3798 vitae
1394 3745 1467 3797 sit
1509 3762 1575 3796 ex
1617 3744 1837 3807 usibus,
1882 3762 1948 3795 n:
1995 3752 2121 3804 997.
2183 3745 2248 3795 In
2291 3761 2523 3816 genere,
2568 3741 2729 3815 quod

606 3819 727 3871 vita
769 3819 841 3872 sit
880 3820 996 3872 vita
1039 3839 1278 3882 usuum,
1324 3839 1389 3871 n:
1438 3829 1603 3880 r964.
1686 3819 1854 3898 Quod
1895 3820 2013 3872 vita
2053 3820 2311 3891 angelica
2351 3820 2627 3873 consistat
2668 3818 2728 3870 in

607 3894 782 3947 honis
820 3896 1035 3947 amoris
1078 3906 1133 3948 ct
1174 3895 1501 3957 charitatis,
1567 3897 1643 3947 ita
1686 3896 1742 3947 in
1786 3895 1985 3948 usibus
2030 3895 2417 3966 praestandis,
2481 3913 2549 3948 n:
2592 3901 2727 3955 453.

611 3971 782 4044 Quod
827 3988 859 4022 a
899 3970 1170 4033 Domine,
1216 3980 1273 4022 et
1313 3970 1445 4022 inde
1485 3973 1558 4024 ab
1601 3972 1856 4043 Angelis,
1901 3989 2019 4024 non
2060 3982 2395 4044 spectentur
2434 3972 2545 4023 nisi
2584 3970 2730 4023 fines

567 4054 856 4117 ‘propter
898 4062 1074 4117 quos,
1122 4046 1219 4116 qui
1264 4055 1393 4096 sunt
1435 4064 1602 4110 usus,
1664 4046 1816 4117 apud
1862 4048 2186 4110 hominem,
2230 4065 2296 4100 n:
2343 4055 2511 4107 1317.
2556 4053 2728 4108 1645.

612 4127 781 4198 5β44.
865 4120 1033 4197 Quod
1068 4121 1329 4192 Regnum
1371 4120 1602 4172 Domini
1637 4123 1711 4174 sit
1750 4124 2011 4193 Regnum
2045 4141 2274 4187 usuum,
2320 4142 2389 4176 n:
2433 4129 2561 4183 453.
2594 4130 2728 4183 696.

611 4205 779 4257 1103.
822 4203 988 4257 3645.
1033 4203 1201 4257 4054.
1247 4203 1410 4255 7038.
1495 4196 1664 4274 Quod
1710 4200 1932 4251 servire
1983 4199 2231 4252 Domino
2274 4200 2347 4252 sit
2387 4215 2523 4251 usus
2564 4215 2728 4268 prae·

612 4285 785 4338 stare,
827 4291 894 4325 n:
938 4280 1103 4333 7038.
1170 4272 1339 4349 Quod
1378 4286 1576 4326 omnes
1612 4273 1753 4327 tales
1788 4275 1932 4339 sint,
1989 4276 2188 4347 quales
2230 4286 2362 4329 sunt
2401 4291 2537 4328 usus
2580 4289 2730 4345 quos

612 4361 921 4422 praestant,
966 4368 1032 4404 n:
1077 4358 1245 4412 4054.
1285 4355 1463 4411 6815:
1511 4349 1856 4403 illustratum
1900 4368 1965 4402 n:
2013 4358 2178 4420 7038.
