3013 5114
582 438 691 496 376
1193 426 1289 487 DE
1331 425 1572 482 COELO
1615 424 1708 479 ET
1748 423 2090 479 INFERNO.

577 587 695 647 hoc
741 585 890 646 vult.
978 584 1148 645 Haec
1197 602 1356 645 nunc
1393 592 1487 644 est
1525 601 1743 660 causa,
1800 583 1962 660 quod
1981 583 2175 643 homo
2222 600 2345 642 non
2379 584 2573 660 possit
2606 601 2718 643 re-

577 688 825 748 formari
868 687 983 744 nisi
1021 687 1082 744 in
1119 686 1329 746 libero.
1413 685 1537 746 Sed
1576 686 1756 763 plura
1791 685 1865 744 de
1900 684 2122 744 Libero
2159 684 2415 743 hominis
2450 684 2711 745 videan-

580 796 677 849 tur
710 790 775 847 in
808 786 1087 846 Ancsms
1129 787 1549 848 Connus-rmus
1592 789 1655 846 in
1696 786 1846 846 locis
1885 788 2083 845 citatis
2122 786 2294 845 infra.

738 889 898 949 599.
972 887 1056 949 Ut
1101 889 1278 949 homo
1327 891 1387 948 in
1434 888 1626 948 libero
1678 889 1786 961 sit,
1857 905 1933 946 ex
1981 904 2167 947 causa
2213 892 2282 945 ut
2328 886 2709 962 reformetur,

580 990 718 1050 ideo
758 990 1139 1066 conjungitur
1174 991 1276 1050 ille
1316 990 1515 1067 quoad
1552 991 1827 1066 spiritum
1857 1006 2034 1048 suum
2075 1006 2209 1048 cum
2249 986 2437 1048 Coelo
2475 994 2536 1047 et
2571 1005 2748 1051 cume

575 1090 851 1150 Inferno:
925 1096 1066 1149 sunt
1103 1094 1256 1150 enim
1298 1091 1463 1168 apud
1509 1094 1971 1166 unumquemvis
2007 1090 2305 1149 hominem
2343 1091 2591 1165 spiritus
2631 1106 2716 1147 ex

577 1192 839 1267 Insern0,
882 1201 941 1250 et
990 1192 1210 1269 Angeli
1253 1209 1286 1252 e
1319 1191 1537 1267 Coelo;
1592 1209 1703 1268 per
1738 1193 1983 1269 spiritus
2014 1208 2088 1251 ex
2116 1191 2349 1250 inferno
2398 1197 2494 1249 est
2525 1190 2713 1248 homo

575 1296 638 1352 in
681 1309 790 1352 suo
826 1292 1017 1367 malo,
1073 1311 1184 1370 per
1218 1293 1468 1370 angelos
1501 1300 1705 1352 autem
1742 1310 1776 1351 e
1813 1292 1984 1353 coelo
2021 1298 2116 1351 est
2149 1292 2327 1350 homo
2372 1293 2435 1349 in
2468 1291 2629 1350 bono
2670 1308 2716 1349 a

576 1394 833 1453 Domino
845 1413 862 1469 3
925 1397 1010 1451 ita
1061 1397 1120 1452 in
1169 1394 1544 1471 Aequilibrio
1594 1394 1927 1471 spirituali,
1994 1393 2109 1471 hoc
2162 1399 2288 1464 est,
2354 1396 2413 1451 in
2462 1392 2708 1451 Libero.

579 1492 755 1569 Quod
811 1496 1003 1553 cuivis
1052 1495 1275 1554 homini
1311 1497 1428 1552 sint
1475 1494 1747 1572 adjuncti
1788 1494 1989 1571 angeli
2034 1512 2067 1553 e
2105 1493 2311 1564 coelo,
2364 1501 2426 1553 et
2459 1496 2714 1570 spiritus

579 1611 653 1654 ex
689 1594 950 1668 inferno,
1022 1594 1297 1653 videatur
1342 1598 1405 1653 in
1450 1595 1726 1655 Articulo
1779 1596 1853 1655 de
1902 1596 2316 1673 conjunctione
2366 1593 2534 1654 Coeli
2569 1611 2714 1654 cum

578 1694 858 1754 Humano
903 1711 1125 1770 genere
1172 1713 1246 1754 n:
1294 1698 1429 1755 291
1469 1695 1547 1754 ad
1579 1697 1740 1756 302.

743 1796 906 1855 600.
963 1794 1287 1856 Sciendum
1324 1804 1450 1873 est,
1490 1797 1650 1873 quod
1686 1799 2025 1876 conjunctio
2058 1797 2315 1857 hominis
2349 1813 2486 1856 cum
2522 1794 2717 1856 Coelo

586 1903 647 1956 et
688 1913 825 1955 cum
872 1896 1141 1973 Inserno,
1215 1915 1334 1957 non
1385 1902 1463 1958 sit
1505 1899 1848 1959 immediate
1903 1915 2038 1957 cum
2089 1898 2237 1966 illis,
2292 1896 2405 1957 sed
2450 1896 2715 1957 mediate

581 2017 694 2075 per
728 1998 976 2074 spiritus
1025 2000 1125 2074 qui
1168 2002 1229 2058 in
1282 1999 1505 2059 Mundo
1552 2002 1869 2076 spirituum
1909 2005 2048 2058 sunt
2061 2019 2077 2075 3
2150 1997 2213 2057 hi
2265 2000 2515 2076 spiritus
2568 2003 2716 2057 sunt

579 2098 742 2176 apud
777 2097 1103 2175 hominem,
1161 2107 1223 2158 at
1270 2101 1420 2158 nulli
1470 2118 1546 2158 ex
1597 2102 1730 2177 ipso
1782 2100 2023 2160 Inferno
2065 2106 2126 2159 et
2179 2117 2254 2159 ex
2295 2103 2433 2177 ipso
2482 2098 2707 2175 Coelo;

574 2217 687 2275 per
723 2201 969 2274 spiritus
999 2199 1190 2258 malos
1228 2203 1288 2258 in
1327 2200 1552 2259 Mundo
1593 2203 1912 2278 spirituum
1954 2202 2331 2279 conjungitur
2365 2200 2543 2260 homo
2570 2217 2713 2259 cum

573 2299 833 2372 infern0,
894 2305 954 2357 ct
1003 2316 1113 2376 per
1149 2302 1397 2376 spiritus
1434 2300 1625 2359 bonos
1665 2305 1765 2379 qui
1793 2303 1877 2361 ibi
1911 2308 2081 2377 sunt,
2121 2319 2255 2362 cum
2293 2301 2510 2386 Coelo:
2568 2303 2714 2377 quia

574 2401 660 2458 ita
705 2414 773 2457 se
818 2415 917 2458 res
964 2400 1174 2475 habet,
1232 2402 1368 2462 ideo
1416 2402 1679 2463 Mundus
1733 2406 2050 2481 spirituum
2108 2410 2202 2463 est
2261 2403 2494 2463 medius
2552 2404 2713 2460 inter

508 2556 511 2562 .
575 2499 824 2562 eoelum
867 2505 927 2561 et
974 2500 1311 2579 Infernum,
1369 2510 1428 2564 et
1480 2504 1563 2563 ibi
1610 2511 1704 2565 est
1745 2507 1944 2583 ipsum
1990 2504 2448 2582 Aequilibrium.
2531 2501 2713 2580 Quod

566 2602 828 2661 Mundus
856 2605 1180 2679 spirituum
1212 2609 1291 2665 sit
1319 2605 1554 2665 Medius
1582 2609 1736 2666 inter
1764 2607 2013 2667 Coelum
2042 2612 2103 2665 et
2126 2606 2451 2681 Infernum,
2490 2605 2711 2664 videa-

576 2709 675 2762 tur
709 2704 773 2761 in
818 2703 1092 2765 Articulo
1129 2706 1203 2766 de
1239 2707 1463 2766 Mundo
1501 2709 1854 2783 spirituum,
1914 2710 2051 2766 421
2090 2707 2170 2765 ad
2200 2710 2376 2784 4313
2443 2713 2503 2767 et
2551 2704 2720 2783 quod

579 2803 664 2865 ibi
703 2804 784 2864 sit
819 2806 1019 2881 ipsum
1057 2808 1475 2883 aequilibrium
1511 2809 1666 2868 inter
1701 2808 1951 2868 Coelum
2002 2816 2063 2868 et
2094 2809 2432 2883 Internum,
2484 2810 2548 2865 in
2584 2806 2713 2867 Ar·

575 2904 759 2964 ticulo
797 2922 936 2963 mox
977 2909 1383 2984 praecedente
1429 2928 1498 2967 n:
1546 2912 1682 2971 589
1715 2910 1790 2968 ad
1828 2911 1988 2970 596.
2067 2910 2159 2969 Ex
2193 2909 2287 2969 his
2322 2925 2480 2969 nunc
2513 2912 2711 3048 patet,

576 3004 738 3062 unde
779 3005 1002 3065 homini
1039 3016 1131 3067 est
1172 3009 1473 3069 Liberum.

737 3106 899 3164 601.
973 3107 1217 3183 Aliquid
1265 3111 1461 3171 adhuc
1518 3111 1747 3172 dicetur
1801 3109 1875 3171 de
1931 3110 2254 3188 Spin-itibus
2312 3059 2540 3171 homini
2589 3108 2710 3168 ad·-

569 3204 833 3283 junctisz
856 3206 1105 3283 integra
1140 3210 1413 3272 Societas
1441 3218 1648 3288 potest
1683 3213 2281 3272 communicationem
2305 3212 2533 3272 habere
2569 3224 2712 3270 cum

576 3306 701 3367 alia
738 3305 1078 3384 Societate‚
1125 3316 1186 3370 et
1224 3328 1463 3388 quoque
1502 3329 1638 3370 cum
1682 3330 1801 3372 uno
1840 3313 1992 3384 alio,
2039 3312 2380 3390 ubicunque
2418 3320 2544 3388 est,
2595 3329 2715 3390 per

577 3406 864 3485 Spiritum
901 3427 939 3469 a
974 3427 1040 3469 se
1086 3414 1402 3490 emissum3
1456 3413 1555 3473 hic
1595 3414 1845 3490 spiritus
1882 3420 2133 3475 vocatur
2173 3413 2524 3497 SubJectum
2561 3412 2711 3491 plu·

572 3511 762 3570 rium:
817 3511 1090 3571 similiter
1130 3529 1197 3573 se
1246 3513 1431 3573 habet
1477 3531 1613 3575 cum
1655 3515 2076 3592 conjunctione
2113 3515 2369 3575 hominis
2417 3532 2553 3574 cum
2599 3530 2713 3574 so-

574 3612 896 3671 cietatibus
931 3615 990 3671 in
1029 3612 1244 3689 Coelo,
1286 3621 1348 3674 et
1382 3632 1518 3675 cum
1557 3614 1962 3676 Societatibus
2000 3619 2063 3675 in
2101 3615 2371 3691 Inter-no,
2424 3633 2538 3693 per
2573 3617 2714 3692 spi-

571 3711 723 3770 ritus
766 3712 990 3772 homini
1031 3714 1342 3793 adjunctos
1392 3734 1425 3776 e
1473 3715 1697 3776 Mundo
1747 3718 2085 3793 spirituum.
2179 3718 2276 3777 De
2332 3717 2426 3776 his
2465 3733 2715 3794 quoque

573 3807 859 3870 videatur
895 3816 956 3871 in
997 3814 1279 3876 Aacsms
1318 3816 1735 3878 Connus-mnus
1770 3819 1831 3876 in
1865 3818 2014 3877 locis
2052 3820 2248 3878 citatis
2287 3817 2365 3876 ad
2404 3817 2602 3877 finem.

730 3912 893 3970 602.
969 3912 1194 3976 UltImo
1242 3918 1693 3977 memorandum
1742 3924 1837 3977 est
1883 3918 1959 3979 de
2009 3919 2230 3995 Insito,
2287 3919 2450 3996 quod
2499 3924 2595 3978 est
2627 3917 2732 3982 δί

571 4007 799 4067 influxu
836 4008 1005 4070 Coeli
1042 4015 1207 4090 apud
1238 4015 1578 4094 hominem,
1618 4019 1692 4077 de
1728 4020 1854 4078 vita
1891 4020 2022 4097 ejus
2057 4026 2199 4097 post
2243 4024 2534 4080 mortem:
2571 4017 2715 4077 fue-

570 4116 712 4168 runt
754 4108 998 4188 quidam
1036 4129 1111 4171 ex
1145 4115 1403 4190 simplici
1448 4117 1663 4194 plebe,
1742 4119 1843 4195 qui
1886 4121 1947 4178 in
1991 4120 2150 4180 bono
2189 4119 2332 4180 fidei
2375 4122 2437 4179 in
2478 4118 2713 4180 Mundo

568 4212 875 4288 vixerunt3
926 4210 1015 4271 illi
1062 4214 1122 4273 in
1171 4220 1397 4274 statum
1444 4216 1732 4293 similem,
1790 4221 1851 4277 in
1900 4238 2019 4298 quo
2066 4222 2307 4282 fuerunt
2353 4223 2413 4280 in
2461 4218 2712 4296 mundo,

569 4311 795 4378 redacti
833 4320 1001 4385 sunt,
1065 4316 1182 4378 hoc
1230 4315 1359 4377 fieri
1396 4332 1532 4380 cum
1583 4322 1919 4397 unoquovis
1971 4327 2176 4402 potest
2224 4333 2362 4383 cum
2406 4321 2711 4382 Dominus
