3013 5114
591 436 696 488 362
1220 424 1313 476 DE
1357 422 1597 476 COELO
1643 420 1739 475 BT
1778 418 2109 474 INFERNO.

596 587 714 660 hit,
773 586 827 644 si
861 600 978 643 non
1013 598 1125 659 per
1166 582 1406 642 vincula
1441 583 1676 641 interna
1712 597 1873 657 qnae
1906 586 2046 639 sunt
2083 579 2520 653 conscientiae,
2560 596 2721 656 quae

588 704 709 746 non
752 685 967 760 recipit
1000 685 1055 741 si
1088 690 1270 760 negat
1304 684 1592 742 Divinum
1612 726 1631 752 ,
1688 698 1885 758 nsque
1934 688 2133 739 tannen
2176 696 2290 756 per
2329 679 2573 737 vincula
2608 697 2723 738 ex-

589 794 792 857 terna,
848 798 1000 860 quae
1039 790 1208 859 sunt,
1266 790 1333 842 ut
1373 799 1562 860 supra
1602 782 1827 842 dictum
1877 789 2005 857 est,
2056 783 2301 839 timores
2336 797 2447 856 pro
2482 778 2619 856 lege
2658 786 2723 839 et

590 888 722 965 ejus
764 887 975 962 paenis
996 928 1011 958 ,
1075 900 1306 961 proque
1345 884 1590 961 jactura
1627 882 1811 957 lucri,
1877 889 1940 941 et
1984 882 2321 959 privatione
2370 879 2613 940 honoris
2657 885 2721 939 et

589 988 817 1060 famae3
870 986 1052 1044 homo
1078 984 1217 1044 talis
1258 983 1498 1062 quidem
1536 982 1752 1042 abduci
1788 988 2058 1060 potesta
2093 980 2267 1039 malis
2305 997 2417 1056 per
2444 980 2721 1057 jucunda

589 1066 686 1147 sui
737 1087 982 1159 amoris,
1040 1091 1101 1144 et
1152 1103 1264 1162 per
1316 1087 1590 1144 timorem
1632 1084 1912 1160 jacturae
1959 1090 2022 1143 et
2075 1083 2428 1158 privationis
2489 1096 2720 1149 eorum,

591 1187 704 1247 sed
736 1205 857 1247 non
892 1192 1095 1263 potest
1148 1186 1368 1246 adduci
1414 1187 1474 1244 in
1516 1183 1674 1244 bona
1725 1183 2094 1260 spiritualia,
2132 1198 2287 1241 nam
2332 1187 2620 1257 quantum
2657 1183 2722 1239 in

593 1288 746 1348 haec
799 1287 1145 1361 adducitur,
1218 1292 1451 1346 tantum
1508 1284 1675 1362 apud
1724 1300 1792 1343 se
1844 1289 2049 1342 versat
2103 1283 2358 1341 astutias
2417 1288 2479 1342 et
2525 1281 2719 1354 dolce,

590 1387 926 1448 simulando
958 1394 1021 1445 et
1057 1387 1396 1446 mentiendo
1432 1386 1618 1459 bona,
1657 1386 1917 1458 sincera,
1975 1390 2037 1443 et
2067 1383 2263 1460 justa,
2317 1382 2435 1441 fine
2461 1398 2722 1458 persna-

597 1488 778 1548 dendi
813 1494 874 1548 et
922 1491 1010 1545 sic
1044 1486 1318 1561 fallendi,
1374 1486 1527 1545 haec
1573 1488 1798 1545 astutia
1832 1502 1900 1543 se
1951 1483 2114 1542 addit
2159 1482 2317 1542 malo
2366 1483 2501 1560 ejus
2534 1484 2718 1560 spiri-

588 1594 720 1662 tus,
776 1603 847 1646 ac
888 1588 1103 1646 format
1140 1587 1323 1662 illud,
1381 1592 1442 1644 et
1474 1587 1620 1646 facit
1656 1593 1723 1644 nt
1758 1588 1837 1644 sit
1873 1585 2125 1655 malum,
2176 1583 2356 1659 quale
2386 1590 2480 1643 est
2515 1584 2575 1640 in
2605 1599 2724 1642 sua

585 1692 822 1748 natura.
1825 1684 1836 1697 ⁸

752 1788 912 1846 578.
978 1785 1255 1847 Omnium
1291 1790 1543 1864 pessimi
1581 1792 1756 1857 sunt,
1806 1790 1909 1864 qui
1943 1788 2004 1845 in
2050 1785 2225 1846 malis
2266 1803 2344 1845 ex
2382 1800 2586 1865 amore
2622 1786 2722 1843 sui

589 1890 863 1963 fuerunt,
921 1896 983 1947 et
1021 1891 1124 1964 qui
1164 1889 1343 1948 simul
1378 1889 1536 1948 intus
1583 1890 1645 1949 in
1682 1904 1751 1947 se
1801 1905 1877 1947 ex
1914 1886 2050 1947 dolo
2103 1892 2383 1964 egerunt,
2440 1884 2725 1960 quoniam

592 1988 767 2048 dolus
803 1989 986 2047 intrat
1023 1990 1285 2065 penitius
1323 1992 1717 2065 cogitationes
1746 1995 1806 2049 et
1839 1989 2219 2062 intentiones,
2259 2003 2331 2046 ac
2370 1985 2557 2045 inficit
2581 1984 2724 2043 illas

592 2105 856 2162 venene,
915 2096 976 2148 et
1025 2091 1113 2147 sic
1161 2087 1419 2148 destruit
1474 2106 1711 2149 omnem
1766 2091 1949 2147 vitam
2003 2088 2262 2147 hominis
2308 2084 2722 2162 spiritualem:

587 2188 863 2265 plerique
904 2188 1144 2246 illorum
1185 2195 1325 2247 sunt
1366 2191 1427 2247 in
1460 2188 1719 2248 Infernis
1750 2206 1788 2247 a
1827 2196 1998 2266 tergo
2010 2232 2027 2262 ,
2085 2195 2145 2249 et
2187 2193 2482 2248 vocantur
2523 2184 2719 2259 Genii,

591 2303 662 2346 ac
701 2286 786 2344 ibi
828 2303 1031 2346 eoriun
1068 2287 1402 2364 jucundum
1440 2296 1535 2347 est
1569 2305 1636 2347 se
1674 2290 2096 2365 inconspicuos
2138 2288 2423 2362 reddere,
2480 2302 2552 2344 ac
2594 2288 2716 2345 cir-

588 2404 724 2447 cum
777 2386 928 2445 alios
983 2389 1139 2446 sicut
1175 2386 1383 2448 larvae
1420 2389 1704 2463 volitare,
1761 2406 1833 2449 ac
1878 2390 2099 2449 inferre
2153 2388 2314 2448 mala
2356 2388 2418 2445 in
2459 2386 2719 2446 abscon-

586 2489 749 2563 dito,
813 2504 968 2563 quae
1019 2490 1540 2567 circumspargunt
1577 2491 1736 2548 sicut
1789 2491 2038 2567 viperae
2086 2506 2345 2549 venena:
2425 2488 2510 2547 illi
2567 2502 2721 2563 prae

588 2591 846 2650 caeteris
884 2588 1010 2648 dire
1063 2591 1425 2649 cruciantur.
1516 2591 1597 2650 At
1634 2593 1736 2666 qui
1774 2608 1892 2649 non
1929 2591 2150 2666 dolosi,
2205 2598 2264 2650 et
2302 2591 2540 2650 astutiis
2579 2603 2715 2647 ma·

588 2691 767 2768 lignis
804 2691 1059 2748 inescati
1093 2689 1366 2759 fuerunt,
1403 2696 1464 2749 et
1493 2696 1697 2752 tamen
1732 2694 1794 2751 in
1826 2689 2000 2751 malis
2038 2675 2114 2751 ex
2149 2708 2351 2751 amore
2387 2691 2500 2765 sui,
2542 2689 2725 2749 etiam

588 2793 651 2849 in
688 2788 947 2849 Infernis
978 2806 1015 2848 a
1049 2795 1218 2867 tergo
1249 2799 1407 2866 sunt,
1447 2792 1559 2851 sed
1592 2810 1710 2852 non
1739 2794 1799 2850 in
1836 2799 1953 2850 tam
1991 2792 2323 2870 profundis.
2386 2791 2487 2851 Illi
2520 2795 2725 2848 antem

593 2892 697 2967 qui
730 2892 793 2948 in
825 2889 1002 2948 malis
1048 2906 1119 2948 ex
1158 2909 1360 2949 amore
1396 2893 1604 2951 mundi
1638 2894 1905 2968 suerunt,
1946 2900 2087 2952 sunt
2121 2894 2182 2951 in
2207 2892 2463 2952 Infernis
2487 2895 2724 2949 antror-

590 3006 760 3062 sum,
814 2995 875 3047 et
910 2996 1202 3049 vocantur
1251 2990 1542 3069 Spiritus3
1596 2993 1659 3052 hi
1694 3011 1811 3053 non
1851 2992 1997 3052 talia
2034 2993 2196 3053 mala
2229 2998 2396 3067 sunt,
2448 2992 2566 3051 hoc
2607 2995 2721 3064 est,

588 3106 709 3148 non
749 3087 903 3145 talia
941 3088 1078 3146 odia
1121 3095 1183 3147 et
1217 3092 1547 3167 vindictae,
1604 3079 1762 3153 sicut
1799 3095 1901 3170 qui
1943 3095 2004 3152 in
2044 3093 2218 3153 malis
2256 3110 2333 3154 ex
2369 3109 2572 3152 amore
2605 3091 2722 3162 sui,

588 3186 838 3266 proinde
887 3202 999 3245 nec
1033 3186 1153 3246 illis
1198 3189 1337 3249 talis
1373 3192 1604 3252 malitia
1642 3201 1704 3253 et
1752 3194 1974 3253 astutia
1985 3214 2003 3270 3
2059 3210 2249 3271 quare
2294 3194 2478 3253 etiam
2514 3208 2723 3253 eorum

587 3288 830 3349 Inferna
864 3292 1005 3347 sunt
1038 3289 1292 3348 mitiora.
2419 3363 2428 3377 ,

753 3392 834 3450 5⁷
853 3390 913 3449 9.
992 3389 1217 3449 Datum
1269 3396 1362 3450 est
1407 3408 1521 3469 per
1570 3396 2007 3470 experientiam
2058 3409 2238 3454 nosse
2282 3391 2447 3471 quali
2493 3390 2724 3451 malitia

592 3499 733 3574 sunt
765 3491 855 3551 illi
892 3491 996 3569 qui
1037 3490 1215 3551 Genii
1250 3500 1573 3571 vocantnr3
1633 3493 1810 3554 Genii
1844 3513 1962 3555 non
2006 3500 2332 3572 operantur
2367 3510 2440 3555 ac
2473 3484 2726 3553 influunt

590 3597 651 3653 in
691 3594 1115 3670 cogitationes,
1164 3592 1276 3652 sed
1311 3595 1369 3653 in
1399 3593 1781 3671 affectiones;
1836 3596 1948 3654 has
1986 3597 2534 3673 appercipiuntfet
2569 3593 2720 3654 odo-

590 3700 726 3751 rant
771 3695 929 3752 sicut
973 3708 1154 3752 canes
1198 3697 1258 3754 in
1300 3695 1487 3770 sylvis
1529 3695 1725 3771 feras;
1781 3695 2126 3755 affectiones
2164 3695 2388 3771 bonas,
2441 3695 2547 3754 ubi
2586 3693 2725 3753 illas

592 3794 1364 3885 &percipiunt-,momento
1404 3801 1650 3855 vertunt
1674 3797 1737 3853 in
1774 3795 1985 3870 malas,
2027 3794 2304 3855 ducendo
2341 3801 2402 3854 et
2425 3794 2724 3855 flectendo

589 3889 726 3949 illas
756 3891 1105 3951 mirabiliter
1138 3911 1250 3970 per
1268 3895 1544 3972 jucunda
1578 3896 1826 3956 alterius
1837 3939 1854 3971 ,
1914 3900 1975 3956 et
2014 3895 2131 3955 hoc
2167 3900 2292 3953 tam
2331 3894 2723 3967 clandestine,

592 4005 664 4048 ac
713 3988 821 4048 tali
870 3997 998 4049 arte
1037 3993 1327 4069 maligna,
1391 4002 1459 4054 ut
1506 3996 1660 4056 alter
1709 3995 1856 4057 nihil
1904 3996 1979 4057 de
2033 4013 2106 4057 eo
2144 3996 2391 4070 resciat,
2456 3994 2727 4054 cavendo

593 4089 847 4150 solerter
884 4106 958 4148 ne
1005 4090 1231 4167 aliquid
1273 4093 1456 4153 intret
1495 4098 1953 4173 cogitationem,
2022 4097 2302 4174 quoniam
2337 4097 2424 4155 sic
2466 4094 2726 4153 manife-

590 4196 856 4251 stantur:
912 4190 1077 4267 apud
1110 4190 1409 4252 hominem
1447 4194 1721 4254 assident
1756 4198 1870 4256 sub
1910 4198 2206 4274 occipitio.
2287 4196 2369 4255 Hi
2405 4196 2466 4254 in
2501 4194 2727 4254 mundo

590 4294 831 4396 fuerunt
868 4293 953 4352 illi
991 4291 1292 4368 homines,
1351 4296 1452 4371 qui
1502 4294 1713 4356 dolose
1763 4303 2159 4376 captaverunt
2198 4295 2448 4358 aliorum
2493 4297 2729 4355 animos
