3013 5114
572 427 640 477 14
1180 415 1274 468 DE
1317 414 1551 469 COELO
1594 415 1687 468 ET
1727 414 2060 468 INFERNO.

572 578 935 652 superiores·
978 581 1038 634 et
1080 575 1392 634 inferiores
1440 576 1749 646 dicantur,
1817 584 1911 634 est
1963 577 2103 650 quia
2148 575 2431 635 interiora
2477 581 2537 634 et
2586 593 2695 635 ex-

570 679 791 735 teriora
832 677 918 734 ita
952 682 1241 734 vocantur
1272 672 1416 756 (gg).

781 778 890 834 23.
950 776 1135 835 Amor
1169 778 1229 833 in
1268 794 1383 852 quo
1433 783 1570 834 sunt
1611 778 1714 852 qui
1761 778 1820 834 in
1855 775 2065 853 Regno
2103 774 2389 850 coelesti,
2446 782 2697 835 vocatur

573 878 757 935 Amor
793 877 1072 934 eoelestis
1085 896 1100 951 3
1159 883 1218 934 et
1264 893 1430 934 amor
1465 879 1526 934 in
1564 894 1682 952 quo
1720 883 1860 934 sunt
1897 878 1998 951 qui
2031 877 2091 933 in
2127 875 2336 952 Regno
2375 876 2692 952 spirituali,

574 984 824 1036 vocatur
859 994 1026 1035 amor
1061 977 1422 1053 spiritualis:
1479 977 1665 1035 Amor
1702 977 1981 1036 eoelestis
2022 982 2116 1035 est
2148 969 2333 1035 Amor
2367 979 2428 1035 in
2476 976 2692 1036 Domi-

574 1095 744 1149 num,
804 1085 865 1135 et
898 1077 1084 1134 Amor
1130 1077 1458 1152 spiritualis
1511 1084 1605 1135 est
1657 1075 1930 1135 Charitas
1986 1094 2130 1152 erga
2174 1080 2527 1153 proximum.
2617 1077 2698 1136 Et

579 1180 720 1252 quia
755 1195 928 1236 omne
962 1176 1183 1235 bonum
1223 1183 1315 1235 est
1353 1179 1599 1251 amoris,
1656 1195 1792 1234 nam
1844 1177 2006 1252 quod
2060 1177 2277 1253 aliquis
2324 1184 2513 1249 amat,
2577 1177 2695 1237 hoc

574 1279 629 1336 ei
668 1278 885 1336 bonum
924 1282 1044 1351 est,
1100 1277 1235 1336 ideo
1279 1279 1457 1336 etiam
1493 1276 1714 1336 bonum
1765 1279 1940 1337 unius
1976 1277 2171 1354 Regni
2201 1284 2451 1338 vocatur
2486 1277 2693 1337 eoele-

573 1386 699 1450 ste,
756 1387 817 1437 et
872 1377 1119 1436 alterius
1171 1377 1394 1436 bonum
1445 1377 1777 1453 spirituale.
1869 1377 2019 1437 Inde
2073 1384 2276 1455 patet,
2333 1382 2394 1436 in
2456 1396 2573 1455 quo
2626 1395 2696 1438 se

572 1479 942 1553 distinguunt
978 1477 1120 1535 bina
1153 1477 1258 1536 illa
1290 1476 1531 1553 Regna,
1581 1477 1740 1553 quod
1764 1495 1981 1554 nempe
2019 1479 2176 1537 sieut
2208 1478 2429 1538 bonum
2467 1481 2691 1538 amoris

570 1582 633 1636 in
665 1579 1018 1651 Dominum,
1077 1585 1137 1636 et
1189 1578 1409 1636 bonum
1467 1578 1777 1637 charitatis
1828 1597 1970 1656 erga
2019 1581 2356 1655 proximum
2410 1574 2574 1660 <hh):
2632 1586 2696 1640 et

573 1680 714 1755 quia
754 1678 904 1736 illud
937 1679 1159 1737 bonum
1198 1685 1290 1737 est
1324 1679 1573 1737 interius
1610 1677 1848 1753 bonum,
1892 1686 1952 1738 et
1985 1678 2088 1738 ille
2127 1697 2293 1738 amor
2329 1686 2423 1739 est
2446 1681 2695 1739 interior

571 1797 771 1851 amor,
822 1779 958 1838 ideo
1008 1771 1227 1856 Angeli
1271 1778 1568 1838 coelestes
1621 1786 1764 1838 sunt
1809 1779 2027 1856 Angeli
2079 1782 2423 1855 interiores,
2482 1786 2543 1839 et
2576 1797 2689 1839 vo-

570 1886 780 1939 cantur
813 1882 1177 1956 superiores,

778 1985 886 2040 24.
953 1981 1229 2058 Regnum
1267 1980 1547 2041 Coeleste
1586 1983 1763 2041 etiam
1800 1988 2050 2041 vocatur
2084 1980 2361 2058 Regnum
2397 1980 2694 2040 sacerdo-

568 2082 689 2141 tale
732 2081 1003 2157 Domini,
1064 2091 1124 2140 et
1170 2084 1230 2140 in
1283 2080 1487 2140 Verbo
1544 2080 1970 2140 Habitaculum
2004 2082 2207 2158 Ipsius
2223 2127 2240 2156 ,
2298 2088 2357 2140 et
2408 2081 2692 2158 Regnum

573 2181 899 2257 Spirituale
938 2189 1188 2240 vocatur
1222 2181 1496 2257 Regnum
1530 2181 1785 2258 Regium
1822 2180 2023 2257 Ipsius
2062 2189 2121 2242 et
2154 2184 2216 2240 in
2251 2181 2457 2241 Verbo
2488 2182 2689 2242 Thro-

570 2299 683 2340 nus
720 2280 957 2357 Ipsius:
1014 2299 1087 2340 ex
1123 2283 1344 2340 Divino
1384 2281 1635 2341 coelesti
1671 2284 1851 2340 etiam
1887 2283 2183 2342 Dominus
2221 2285 2283 2342 in
2317 2282 2537 2342 mundo
2573 2300 2689 2361 ap-

570 2382 831 2458 pellatus
874 2389 967 2440 est
1003 2381 1043 2441 J
1050 2399 1216 2457 esus,
1281 2388 1340 2440 et
1377 2399 1451 2440 ex
1487 2382 1710 2440 Divino
1748 2381 2060 2458 Spirituali
2097 2382 2390 2443 Christus

777 2485 888 2542 25.
941 2482 1158 2561 Angeli
1206 2485 1267 2541 in
1307 2482 1517 2559 Regno
1567 2483 1817 2542 coelesti
1876 2484 2119 2542 Domini
2167 2484 2344 2544 valde
2396 2483 2695 2544 excellent

573 2587 870 2661 sapientia
913 2590 972 2643 et
1007 2585 1200 2662 gloria
1248 2584 1699 2661 praeAngelis
1741 2586 1840 2661 qui
1875 2588 1935 2644 in
1974 2585 2183 2663 Regno
2220 2586 2550 2661 spirituali,
2614 2602 2692 2645 ex

572 2703 759 2745 eausa
795 2688 935 2761 quia
983 2688 1232 2746 interius
1269 2688 1569 2761 recipiunt
1603 2687 1886 2745 Divinum
1921 2686 2196 2758 Domini,
2249 2693 2389 2744 sunt
2439 2688 2594 2745 enim
2629 2687 2691 2744 in

573 2803 775 2844 amore
813 2789 874 2843 in
908 2787 1150 2861 Ipsum,
1209 2794 1270 2858 et
1312 2786 1450 2844 inde
1486 2786 1616 2863 Ipsi
1650 2789 1964 2863 propiores
2003 2794 2063 2845 et
2099 2786 2538 2863 conjunctiores
2580 2782 2687 2867 (ii).

577 2884 754 2961 Quod
787 2885 876 2944 illi
910 2886 1129 2962 Angeli
1172 2887 1326 2945 tales
1365 2888 1518 2960 sint,
1577 2894 1671 2945 est
1708 2889 1851 2962 quia
1886 2893 2247 2964 receperunt
2294 2892 2352 2946 et
2395 2888 2692 2963 recipiunt

571 2985 797 3043 Divina
832 3002 977 3044 vera
1012 2988 1212 3044 statim
1248 2990 1311 3045 in
1338 2988 1493 3057 vita,
1550 2994 1609 3045 et
1645 3005 1764 3045 non
1797 2994 1866 3044 ut
1900 2986 2245 3064 spirituales
2280 2973 2531 3063 praevia
2556 3004 2687 3046 me-

575 3088 762 3144 moria
811 3092 872 3144 et
906 3089 1295 3163 cogitatione3
1353 3095 1724 3164 quapropter
1769 3086 1994 3147 habent
2026 3088 2133 3147 illa
2166 3088 2453 3163 inscripta
2490 3087 2689 3149 cordi-

572 3186 684 3244 bus
723 3188 880 3261 suis,
938 3204 1007 3245 ac
1041 3190 1386 3265 percipiunt
1436 3187 1544 3246 illa
1594 3197 1652 3247 et
1688 3190 1859 3265 quasi
1911 3188 2113 3247 vident
2164 3187 2269 3247 illa
2316 3191 2377 3246 in
2424 3205 2521 3265 se,
2576 3204 2690 3246 nee

575 3303 827 3363 usquam
862 3290 1288 3347 ratiocinantur
1338 3288 1411 3348 de
1461 3288 1578 3347 illi‘s
1635 3306 1777 3347 num
1825 3291 1911 3347 ita
1955 3292 2034 3349 sit
2086 3288 2183 3347 vel
2236 3306 2354 3348 non
2394 3291 2478 3349 ita
2528 3285 2688 3370 (kk):

724 3520 848 3593 (gg)
907 3521 1071 3609 Quod
1119 3523 1401 3577 interiora
1442 3521 1843 3594 exprimantur
1883 3540 1991 3596 per
2032 3522 2369 3594 superiora,
2432 3531 2489 3575 et
2530 3519 2692 3593 quod

572 3597 876 3731 {igggriora
937 3598 1260 3692 signifieent
1320 3598 1635 3662 interiora,
1722 3616 1787 3649 n:
1845 3605 2017 3660 2148.
2073 3605 2239 3659 3084.
2295 3604 2462 3660 4599·
2521 3603 2689 3657 5146·

725 3746 853 3813 (hh)
914 3750 1082 3826 Quod
1135 3751 1355 3803 bonum
1410 3750 1593 3822 Regni
1648 3749 1921 3803 coelestis
1976 3750 2051 3803 sit
2110 3750 2329 3802 bonum
2370 3747 2587 3801 amoris
2628 3746 2692 3799 in

569 3823 901 3888 Dominum,
945 3835 1003 3877 et
1041 3825 1261 3878 bonum
1291 3827 1473 3897 Regni
1519 3826 1942 3897 spiritualissit
1966 3826 2188 3879 bonum
2226 3823 2524 3877 eharitatis
2552 3838 2692 3895 erga

566 3899 929 3972 proximum,
974 3918 1040 3951 n:
1086 3910 1255 3961 369ι.
1303 3909 1469 3962 6435.
1516 3908 1689 3962 9468.
1735 3909 1904 3963 9686.
1948 3898 2117 3963 9683.
2162 3908 2333 3961 9786.

725 3994 820 4060 (ἱί)
864 3994 1035 4071 Quod
1068 3996 1255 4067 angeli
1303 3995 1586 4049 coelestes
1634 3996 1974 4049 immensum
2005 3996 2245 4067 'sapiant
2288 4012 2431 4067 prae
2472 3991 2693 4065 angelis

573 4068 1006 4143 spiritualibus,
1074 4090 1145 4123 n:
1189 4078 1358 4131 2718.
1411 4079 1579 4132 9995.
1664 4074 1848 4151 Quale
1892 4071 2207 4126 discrimen
2251 4071 2404 4124 inter
2447 4069 2689 4141 angelos

569 4149 855 4204 coelestes
913 4156 971 4200 et
1015 4146 1168 4200 inter
1214 4147 1449 4219 angelos
1495 4148 1864 4220 spiritualeS‚
1940 4166 2009 4201 nt
2077 4156 2246 4209 2088.
2298 4154 2471 4207 2669.
2514 4153 2692 4206 2708.

569 4234 737 4288 2715.
776 4232 950 4286 3235.
978 4230 1143 4284 3240·
1180 4232 1348 4286 4788.
1387 4233 1557 4285 7068.
1598 4233 1770 4285 8121.
1806 4233 1979 4285 9277.
2024 4232 2229 4286 10295·

723 4322 847 4389 (kk)
890 4319 1062 4399 Quod
1086 4320 1290 4394 Angeli
1314 4321 1596 4376 coelestes
1632 4338 1749 4373 non
1781 4320 2209 4374 ratiocinemur
2232 4317 2307 4371 de
2342 4317 2501 4371 veris
2530 4315 2690 4385 fidei,
