3013 5114
593 459 660 508 68
1206 449 1300 500 DE
1346 444 1581 500 COELO
1623 445 1715 498 ET
1758 443 2091 500 INFERNO.

752 608 907 667 125.
973 607 1065 665 Ex
1109 607 1203 665 his
1252 622 1409 664 nunc
1459 607 1520 663 in
1571 606 1821 664 clariore
1867 605 2002 663 luce
2056 605 2248 663 videri
2294 610 2552 681 possunt
2602 604 2708 665 illa

590 727 741 787 quae
779 711 839 766 in
873 708 1224 784 praemissis
1252 706 1542 764 Articulis
1582 706 1656 765 de
1684 706 1939 766 Domino
1979 706 2138 764 dicta
2177 711 2235 764 ct
2273 712 2517 764 ostensa
2547 712 2703 781 sunt,

585 808 752 889 quod
789 826 1003 884 nempe
1041 806 1192 887 Ipse
1234 806 1324 866 sit
1365 805 1558 866 Deus
1595 803 1796 883 Coeli,
1848 826 1919 864 n:
1964 810 1998 864 2
2035 806 2110 864 ad
2147 808 2205 864 6.
2280 804 2471 881 Quod
2496 805 2704 868 Divi-

579 929 733 971 num
783 908 1008 988 Ipsius
1047 908 1266 989 faciat
1307 903 1591 982 Goelum,
1643 926 1711 965 n:
1764 913 1795 966 7
1835 907 1915 966 ad
1956 910 2066 965 12.
2144 904 2336 981 Quod
2392 905 2706 969 Divinum

580 1009 862 1070 ,Domini
897 1009 967 1069 in
1005 1006 1186 1069 Coelo
1216 1008 1306 1070 sit
1341 1006 1549 1068 Amor
1586 1008 1656 1067 in
1692 1006 1920 1086 Ipsum
1955 1013 2014 1065 et
2043 1005 2347 1066 Charitas
2372 1026 2525 1086 crya
2548 1026 2701 1087 pro-

581 1111 863 1185 ximum,
914 1129 985 1169 n:
1034 1114 1060 1168 1
1083 1112 1117 1168 3
1152 1111 1228 1168 ad
1264 1114 1290 1168 1
1314 1111 1371 1166 9.
1461 1107 1654 1183 Quod
1691 1106 2261 1186 Correspondentia
2301 1108 2388 1168 sit
2423 1108 2707 1169 omnium

581 1209 817 1273 Mundi
867 1231 1008 1272 omn
1057 1208 1273 1284 Coelo,
1331 1226 1409 1268 ac
1443 1229 1565 1287 per
1609 1205 1865 1268 Coelum
1910 1227 2052 1268 cam
2105 1206 2423 1282 Domine,
2482 1227 2552 1267 n:
2611 1211 2697 1268 87

593 1316 670 1371 11
694 1315 752 1372 5.
850 1312 1004 1371 Τιιιιι
1057 1310 1224 1390 quod
1276 1307 1390 1370 Sol
1447 1309 1704 1380 mundi,
1783 1314 1843 1367 et
1901 1306 2097 1369 Luna
2164 1307 2705 1388 correspondeant,

581 1431 646 1471 n:
700 1412 858 1471 105.

922 1582 1044 1650 De
1096 1583 1331 1650 Luce
1386 1597 1471 1650 et
1525 1578 1844 1650 Cal'ore
1913 1580 2000 1649 in
2066 1577 2361 1650 Coelo.

744 1726 901 1784 126.
960 1724 1137 1800 Quod
1181 1725 1313 1784 Lux
1363 1727 1425 1783 in
1467 1725 1674 1785 000115
1720 1727 1828 1800 sit,
1885 1743 2005 1785 non
2054 1743 2270 1801 capere
2306 1730 2562 1801 possunt
2595 1724 2700 1798 illi,

583 1828 683 1902 qui
734 1826 928 1885 solum
979 1844 1051 1883 ex
1102 1832 1318 1884 natura
1374 1829 1667 1905 cogitant3
1739 1844 1872 1886 cum
1920 1834 2119 1884 tamen
2169 1829 2231 1884 in
2284 1826 2485 1884 Coelis
2538 1831 2707 1885 tanta

577 1928 712 1986 Lux
763 1935 887 2007 est,
953 1935 1022 1986 ut
1069 1927 1270 1985 multis
1322 1928 1608 2003 gradibus
1661 1929 1915 1988 excedat
1966 1928 2163 1987 lucem
2212 1926 2599 1985 meridianam
2642 1928 2706 1986 in

579 2028 824 2102 mundo,
864 2031 994 2088 visa
1025 2036 1116 2086 est
1142 2027 1248 2087 illa
1283 2028 1426 2086 mihi
1462 2029 1741 2105 saepiuS‚
1784 2031 1963 2089 etiam
1998 2028 2370 2104 temporibus
2407 2044 2702 2103 vesperae

581 2136 641 2186 et
694 2131 914 2187 noctis:
983 2133 1041 2186 in
1096 2129 1388 2204 principio
1447 2130 1695 2186 miratus
1748 2146 1914 2203 sum,
1991 2148 2120 2188 cum
2179 2129 2383 2186 audIvi
2433 2120 2700 2205 Angelos

581 2229 876 2302 dicentcS,
918 2230 1078 2303 quod
1111 2229 1246 2285 Lux
1274 2227 1476 2285 mundi
1516 2229 1612 2285 vix
1641 2232 1755 2288 nisi
1783 2247 1961 2304 quam
1997 2229 2210 2288 umbra
2246 2231 2322 2287 sit
2360 2231 2701 2305 respective

581 2329 658 2386 ad
692 2327 888 2386 lucem
927 2329 1106 2398 coeli,
1162 2327 1270 2387 sed
1313 2345 1445 2386 cum
1482 2331 1616 2386 visa
1654 2336 1781 2403 est,
1841 2330 1902 2387 id
1953 2332 2162 2389 testari
2215 2347 2463 2406 possum
2479 2349 2495 2406 3
2552 2346 2701 2388 can-

580 2429 687 2487 dor
734 2429 864 2505 ejus
921 2436 980 2488 et
1017 2433 1170 2487 nitor
1218 2429 1350 2505 ejus
1408 2429 1560 2488 tales
1617 2436 1787 2504 sunt,
1851 2437 1920 2488 ut
1972 2430 2229 2489 describi
2280 2448 2399 2489 non
2445 2431 2698 2507 possint.

581 2530 750 2607 Quae
786 2533 846 2590 in
885 2529 1084 2591 Coelis
1122 2530 1266 2590 mihi
1303 2531 1435 2589 visa
1483 2536 1653 2606 sunt,
1709 2533 1771 2590 in
1819 2530 1926 2590 illa
1968 2531 2133 2591 Luce
2170 2530 2314 2589 mihi
2361 2532 2494 2590 visa
2540 2535 2698 2606 sunt,

579 2636 665 2691 ita
701 2633 920 2693 clarius
960 2639 1020 2691 et
1062 2633 1397 2692 distinctius
1436 2650 1613 2708 quam
1653 2649 1807 2709 quae
1838 2634 2074 2691 mundo.

741 2737 901 2792 127.
958 2734 1090 2792 Lux
1127 2733 1294 2793 Coeli
1328 2751 1448 2790 non
1485 2742 1580 2792 est
1614 2733 1906 2792 naturalis
1960 2736 2115 2793 sicut
2160 2732 2266 2791 lux
2302 2732 2533 2806 mundi,
2590 2733 2703 2792 sed

582 2839 675 2891 est
710 2834 1062 2908 spirituali5‚
1116 2841 1208 2891 est
1254 2837 1410 2891 enim
1454 2851 1490 2889 a
1524 2835 1781 2893 Domino
1820 2843 1884 2893 ut
1922 2834 2092 2908 Sole,
2147 2841 2207 2893 et
2248 2832 2355 2892 Sol
2397 2841 2490 2893 est
2521 2833 2699 2893 Divi-

581 2949 695 2991 nus
734 2933 951 3008 Amor,
1004 2940 1070 2990 ιιι
1106 2935 1166 2991 in
1202 2933 1609 3009 praecedente
1647 2935 1918 2994 Articulo
1968 2943 2275 2995 ostensum
2324 2941 2433 2994 est.
2526 2933 2702 3009 Quod

580 3033 854 3109 procedit
882 3050 919 3090 a
945 3030 1202 3090 Domino
1234 3040 1298 3090 ιιι
1331 3032 1503 3108 Sole,
1544 3036 1604 3091 in
1636 3033 1834 3094 Coelis
1865 3043 2114 3095 vocatur
2140 3036 2425 3097 Divinum
2453 3035 2702 3107 Verum,

583 3140 677 3192 est
721 3139 919 3191 tamen
967 3134 1026 3190 in
1092 3135 1356 3201 essentia
1405 3151 1519 3193 sua
1567 3135 1850 3195 Divinum
1905 3136 2139 3195 Bonum
2195 3139 2425 3194 unitum
2480 3136 2702 3195 Divino

580 3233 778 3309 Ver03
833 3232 971 3290 inde
1010 3232 1260 3310 Angelis
1298 3234 1431 3292 Lux
1470 3241 1531 3293 et
1569 3234 1775 3311 Calor,
1833 3253 1924 3296 ex·
1950 3237 2171 3296 Divino
2221 3236 2384 3295 Vero
2437 3243 2529 3296 est
2563 3237 2697 3295 An·

583 3335 734 3412 gelis
783 3334 945 3409 Lux,
1007 3341 1067 3393 et
1107 3352 1181 3393 ex
1217 3334 1434 3393 Divino
1475 3335 1645 3395 Bono
1687 3343 1781 3399 est
1814 3337 1933 3397 illis
1973 3336 2167 3397 Calor.
2231 3337 2381 3396 Inde
2419 3344 2701 3396 constare

580 3443 814 3513 potest,
873 3434 1033 3512 quod
1070 3436 1202 3494 Lux
1245 3434 1438 3511 Coeli,
1498 3439 1637 3513 quia
1681 3456 1757 3497 ex
1792 3437 1899 3496 tali
1938 3440 2195 3515 origine,
2247 3440 2326 3496 sit
2361 3436 2698 3515 spiritualis

583 3543 643 3595 et
675 3554 792 3597 non
833 3537 1155 3612 naturalis,
1204 3537 1477 3597 similiter
1517 3537 1696 3597 Calor
1727 3533 1838 3619 (ff).

742 3641 902 3699 128.
971 3638 1147 3714 Quod
1181 3640 1465 3698 Divinum
1501 3638 1733 3698 Verum
1782 3641 1861 3698 sit
1900 3638 2151 3716 Angelis
2192 3638 2362 3715 Lux,
2420 3645 2514 3698 est
2560 3639 2702 3714 quia

583 3737 803 3814 Angeli
838 3740 1187 3815 spirituales
1225 3747 1378 3815 sunt,
1440 3747 1500 3799 et
1535 3758 1655 3798 non
1693 3740 2028 3814 naturaleS‚
2086 3739 2447 3816 Spirituales
2494 3737 2703 3798 vident

585 3856 661 3895 ex
696 3855 806 3897 suo
849 3837 1009 3914 Sole,
1044 3847 1104 3899 et
1153 3842 1458 3900 naturales
1490 3858 1564 3900 ex
1605 3858 1750 3917 suo;
1791 3847 1851 3900 et
1882 3841 2167 3899 Divinum
2201 3840 2429 3900 Verum
2467 3846 2579 3910 est,
2628 3856 2707 3899 ex

734 4048 829 4116 (ff)
873 4048 1040 4116 Quod
1079 4051 1266 4105 omnis
1316 4055 1438 4106 Lux
1478 4052 1539 4105 in
1583 4054 1777 4108 Coelis
1818 4053 1893 4107 sit
1931 4071 1962 4107 a
2002 4054 2253 4108 Domino
2294 4064 2358 4107 ut
2400 4052 2570 4116 Sole,
2627 4070 2700 4105 nx

583 4131 750 4186 1053.
794 4134 963 4187 1521.
1013 4135 1178 4188 3195.
1237 4135 1403 4191 3341.
1443 4137 1610 4190 3636·
1653 4138 1821 4191 3643.
1861 4137 2030 4192 4415.
2070 4137 2241 4192 9548·
2279 4137 2445 4190 9684·
2489 4136 2701 4190 10809.

582 4200 753 4279 Quod
791 4202 1061 4255 Divinum
1100 4206 1315 4256 Verum
1353 4206 1676 4275 procedens
1710 4223 1742 4258 a
1775 4206 2056 4268 Domino,
2102 4216 2380 4277 appareat
2417 4205 2475 4256 in
2513 4205 2701 4257 Coelo

579 4287 644 4330 ut
684 4278 835 4342 Lux,
900 4289 957 4332 et
1001 4281 1162 4332 sistat
1203 4296 1432 4334 omnem
1472 4283 1687 4336 Lucem
1730 4282 1912 4346 coeli,
1975 4300 2044 4335 n:
2101 4290 2268 4343 3195.
2306 4288 2476 4343 3222.
2522 4288 2701 4341 5400.

585 4359 753 4417 8644.
795 4360 962 4417 9399.
1001 4362 1169 4419 9548.
1211 4363 1379 4419 9684.
