3013 5114
552 393 623 445 26
1176 381 1273 437 DE
1315 381 1553 438 COELO
1594 382 1688 437 ET
1727 381 2062 439 INFERNO.

550 541 615 600 hi
646 541 895 617 propius
931 539 1044 598 sub
1091 543 1362 618 auspicio
1401 542 1619 602 Divino
1657 543 1897 602 Domini
1934 546 2109 616 sunt,
2168 548 2229 601 et
2272 547 2417 599 sunt
2455 541 2660 618 Ange-

545 641 741 700 lorum
778 641 1004 716 optimi.

552 806 807 904 Quod
872 809 1428 904 unaquaevis
1486 809 1900 880 Societas
1977 811 2100 880 sit
2164 809 2527 881 Coelum
2579 810 2672 878 in

549 908 881 978 minore
961 907 1279 996 forma,
1380 927 1465 980 et
1552 911 2182 1008 unusquisque
2274 909 2673 1006 Angelus

1351 1011 1439 1079 in
1493 1011 1864 1081 minima.

760 1155 868 1212 51.
929 1153 1114 1229 Quon
1167 1157 1540 1236 unaquaevis
1591 1154 1861 1215 Societas
1907 1158 1985 1215 sit
2042 1156 2288 1216 Coelum
2340 1158 2401 1214 in
2449 1158 2673 1214 minore

548 1256 770 1329 forma,
830 1261 889 1312 et
926 1257 1342 1331 unusquisque
1383 1255 1651 1332 Angelus
1690 1258 1748 1314 in
1787 1259 2063 1330 minima,
2122 1264 2215 1315 est
2264 1260 2405 1332 quia
2453 1256 2672 1313 bonum

550 1358 770 1414 amoris
823 1362 882 1414 et
913 1343 1069 1412 'fidoi
1119 1362 1211 1413 est
1260 1356 1418 1431 quod
1465 1357 1610 1414 facit
1647 1356 1926 1430 Coelum,
1985 1364 2043 1415 et
2085 1357 2147 1414 id
2191 1357 2411 1414 bonum
2468 1363 2563 1414 cst
2615 1358 2675 1414 in

553 1457 714 1515 omni
751 1454 1055 1514 Societate
1088 1454 1282 1528 Coeli,
1337 1463 1396 1515 et
1430 1459 1493 1514 in
1530 1459 1687 1515 omni
1722 1456 1955 1533 Angelo
1993 1459 2335 1515 societatis:
2390 1457 2534 1513 nihil
2570 1475 2672 1514 re-

549 1558 695 1629 fert,
751 1555 911 1632 quod
945 1555 1163 1613 bonum
1203 1556 1351 1614 illud
1398 1557 1595 1615 ubivis
1642 1557 1874 1615 differat
1910 1563 1969 1616 et
2004 1559 2233 1630 varium
2273 1559 2379 1628 sit,
2438 1564 2528 1613 est
2565 1572 2670 1613 us-

554 1673 670 1732 que
708 1646 931 1714 bonum
969 1656 1155 1729 coeli3
1211 1657 1545 1716 differentia
1579 1657 1754 1716 modo
1795 1664 1915 1730 est,
1970 1657 2128 1732 quod
2166 1656 2397 1715 coelum
2438 1655 2556 1714 tale
2594 1657 2675 1713 sit

548 1757 645 1815 hic
683 1763 744 1814 et
780 1755 899 1814 tale
945 1757 1048 1814 ibi.
1124 1757 1276 1816 Ideo
1314 1758 1563 1832 dicitur,
1620 1775 1754 1817 cum
1810 1760 1941 1834 quis
1995 1757 2267 1816 elevatur
2314 1758 2375 1813 in
2412 1755 2675 1830 aliquam

516 1855 918 1916 ‘Societatem
952 1855 1151 1928 Coeli,
1216 1859 1375 1934 quod
1409 1861 1612 1918 veniat
1646 1862 1704 1917 in
1744 1858 2021 1934 Coelum3
2081 1864 2137 1916 et
2176 1857 2249 1914 de
2285 1856 2401 1914 illis
2440 1857 2539 1930 qui
2575 1855 2675 1926 ibi,

551 1957 709 2034 quod
744 1958 861 2016 sint
897 1959 956 2015 in
995 1956 1207 2032 Coele,
1264 1967 1323 2018 et
1354 1963 1611 2036 quisque
1648 1961 1708 2016 in
1743 1977 1885 2018 suo:
1941 1959 2054 2018 hoc
2091 1963 2305 2016 norunt
2340 1972 2545 2015 omnes
2577 1957 2677 2032 qui

548 2061 609 2116 in
645 2058 836 2117 altera
873 2061 1032 2132 vita3
1075 2059 1208 2116 ideo
1249 2062 1348 2134 qui
1388 2069 1558 2117 extra
1595 2066 1697 2117 aut
1730 2060 1885 2117 infra
1916 2058 2163 2118 Coelum
2201 2064 2392 2131 stant,
2434 2063 2493 2114 et
2527 2072 2673 2132 spe-

551 2164 713 2216 ctant
761 2175 792 2215 e
834 2156 1164 2232 longinquo
1217 2158 1317 2215 ubi
1371 2158 1595 2217 Caetus
1649 2158 1997 2234 angelorum
2037 2164 2207 2227 sunt,
2266 2157 2468 2215 dicant
2516 2156 2676 2232 quod

553 2255 800 2316 Coelum
855 2258 935 2314 sit
985 2256 1096 2327 ibi,
1165 2264 1223 2315 et
1269 2275 1506 2333 quoquc
1555 2259 1654 2316 ibi.
1750 2256 1829 2317 Se
1875 2258 2061 2316 habet
2104 2257 2218 2316 hoc
2271 2259 2675 2333 comparative

550 2360 710 2416 sicut
760 2373 892 2415 cum
942 2357 1294 2432 praesectis,
1363 2358 1663 2417 officiariis
1730 2365 1788 2416 et
1837 2359 2220 2417 ministris.in
2272 2375 2387 2414 uno
2435 2356 2672 2415 Palatio

549 2458 740 2534 Regio
779 2464 883 2515 aut
915 2459 978 2516 in
1014 2476 1134 2516 una
1162 2459 1338 2531 Aula,
1377 2462 1619 2518 tametsi
1646 2459 1921 2518 habitant
1949 2460 2206 2518 seorsim
2246 2461 2304 2516 in
2341 2459 2467 2516 suis
2498 2475 2670 2514 man-

547 2559 814 2619 sionibus
852 2562 1053 2617 autin
1091 2577 1200 2618 suo
1240 2560 1539 2633 conclavi,
1600 2578 1755 2619 unus
1806 2578 1994 2637 supra
2044 2561 2196 2619 alter
2244 2561 2423 2632 infra,
2479 2574 2674 2635 usque

549 2643 800 2719 suntin
847 2678 967 2719 uno
1028 2661 1264 2720 Palatio
1334 2668 1437 2719 aut
1494 2664 1553 2719 in
1609 2680 1727 2719 una
1775 2661 1962 2736 Aula,
2020 2663 2274 2736 quisque
2321 2660 2406 2717 ibi
2450 2661 2510 2717 in
2560 2675 2675 2717 sua

547 2762 851 2820 functione
901 2760 978 2818 ad
1038 2763 1416 2820 serviendum
1467 2763 1635 2838 Regi.
1724 2762 1871 2820 Inde
1916 2767 2086 2837 patet
2132 2761 2273 2835 quid
2325 2759 2674 2835 intelligitur

546 2878 658 2937 per
683 2860 922 2917 Domini
956 2860 1159 2932 verba,
1193 2862 1350 2936 quod
1381 2861 1499 2934 „in
1536 2862 1719 2921 domo
1747 2860 1981 2920 Patris
2007 2860 2114 2920 sui
2140 2860 2273 2919 sint
2302 2856 2673 2919 Mansiones
2745 2869 2748 2870 ’

549 2956 872 3030 multae,“
927 2960 1079 3019 Joh:
1131 2960 1312 3019 XIV:
1368 2965 1438 3035 23
1499 2967 1558 3019 et
1595 2962 1738 3037 quid
1784 2979 1893 3037 per
1927 2956 2328 3020 Habitacula
2373 2957 2548 3021 Coeli
2560 3003 2577 3032 ,
2616 2965 2678 3018 ct

547 3077 657 3136 per
696 3056 917 3118 Coelos
964 3057 1273 3120 coelorum
1311 3061 1473 3137 apud
1508 3062 1862 3138 Prophetas,

763 3161 870 3218 52.
942 3159 1119 3235 Quod
1166 3164 1538 3237 unaquaevis
1595 3162 1867 3222 Societas
1916 3164 1994 3220 sit
2042 3161 2290 3228 Coelum
2337 3163 2398 3219 in
2447 3161 2673 3219 minore

547 3261 773 3330 forma,
829 3263 1008 3320 etiam
1047 3270 1326 3321 constare
1363 3265 1561 3339 potuit
1599 3281 1673 3322 ex
1712 3282 1815 3335 cO,
1854 3263 2013 3339 quod
2049 3262 2260 3321 similis
2298 3263 2488 3320 forma
2526 3277 2669 3319 coe-

547 3360 718 3419 lestis
756 3364 836 3420 sit
870 3364 931 3420 in
963 3364 1175 3436 quavis
1215 3361 1547 3437 Societate‚
1589 3364 1782 3446 qualis
1822 3370 1913 3423 est
1948 3366 2010 3422 in
2049 3370 2172 3421 toto
2212 3361 2409 3437 coelo3
2458 3364 2517 3419 in
2546 3368 2672 3420 toto

554 3462 723 3522 coelo
761 3470 900 3521 sunt
934 3466 995 3521 in
1021 3463 1216 3522 medio
1255 3466 1358 3540 qui
1392 3471 1709 3540 praestant
1742 3464 2007 3540 reliquis,
2048 3470 2109 3522 et
2145 3465 2527 3521 circumcirca
2561 3478 2670 3520 us-

552 3580 667 3638 que
705 3563 782 3621 ad
823 3566 1106 3623 terminos
1145 3571 1284 3622 sunt
1318 3567 1382 3623 in
1432 3565 1640 3625 ordine
1678 3565 2069 3625 decrescente
2109 3566 2209 3639 qui
2247 3565 2441 3621 minus
2486 3579 2669 3639 prac-

526 3654 741 3733 stant,
794 3671 859 3721 ut
906 3665 1129 3725 dictum
1167 3666 1440 3724 videatur
1476 3668 1538 3723 in
1574 3665 1847 3725 Articulo
1885 3665 2290 3741 praecedente
2328 3682 2396 3721 n:
2438 3666 2561 3739 433
2614 3668 2674 3720 et

553 3779 788 3839 quoque
830 3782 903 3823 ex
943 3783 1047 3840 e0,
1107 3767 1267 3842 quod
1301 3768 1597 3826 Dominus
1636 3767 1817 3826 ducat
1853 3782 2057 3825 omnes
2109 3766 2209 3841 qui
2242 3767 2305 3823 in
2341 3771 2465 3822 toto
2505 3762 2673 3824 coelo

549 3870 835 3939 tanquam
873 3873 1076 3924 essent
1115 3884 1269 3928 unus
1309 3867 1580 3943 Angelus
1593 3888 1609 3944 3
1666 3867 1938 3927 similiter
1975 3855 2109 3924 illos
2149 3867 2249 3941 qui
2299 3866 2359 3923 in
2394 3880 2672 3941 unaqua-

550 3965 644 4022 vis
682 3966 998 4041 societate3
1054 3967 1193 4025 inde
1243 3974 1501 4043 apparet
1544 3968 1901 4043 quandoque
1948 3969 2181 4042 integra
2228 3963 2502 4025 Societas
2539 3967 2671 4023 An-

551 4064 748 4141 gelica
781 4067 938 4123 sicut
972 4085 1157 4125 unum
1203 4069 1265 4125 in
1308 4068 1499 4125 forma
1534 4067 1787 4144 Angeli,
1859 4067 2020 4143 quod
2069 4068 2248 4126 etiam
2285 4066 2432 4124 mihi
2468 4065 2672 4123 datum

552 4171 648 4225 est
685 4182 722 4223 a
755 4165 1014 4225 Domino
1052 4166 1274 4228 videre.
1356 4166 1502 4225 Cum
1543 4170 1719 4227 etiam
1756 4168 2054 4227 Dominus
2092 4173 2347 4244 apparet
2382 4169 2443 4225 in
2478 4164 2675 4224 medio

552 4265 951 4343 Angelorum,
1009 4275 1150 4329 tunc
1186 4285 1305 4327 non
1343 4274 1601 4346 apparet
1639 4271 2123 4347 circumstipatus
2161 4285 2198 4327 a
2230 4266 2529 4345 pluribuS,
2565 4264 2676 4325 sed
