3013 5114
613 466 683 517 36
969 468 973 474 ·
1224 455 1317 508 DE
1359 452 1593 527 coELo
1637 452 1730 507 ET
1768 451 2102 508 INFERNO.

608 615 880 692 perficiat
927 610 1106 674 illud:
1173 621 1544 692 quapropter
1605 613 1828 690 Angeli
1891 613 2040 672 nihil
2095 613 2298 690 potius
2365 611 2724 688 desiderant,

612 733 792 793 quam
828 720 894 774 ut
929 716 1006 774 ad
1038 715 1178 775 illos
1215 717 1353 774 novi
1388 714 1661 791 hospites
1691 714 1909 791 Angeli
1938 716 2200 773 veniant.

768 838 874 894 72.
932 833 1109 911 Quod
1143 836 1518 918 unaquaevis
1548 832 1821 892 Societas
1858 836 1934 892 sit
1969 835 2030 891 in
2070 832 2265 908 effigie
2296 831 2552 892 hominis
2593 850 2729 892 cum

609 935 788 995 simul
824 942 890 994 ut
912 952 1101 994 unum
1127 940 1408 1013 apparet,
1451 939 1545 993 est
1580 936 1721 1010 quia
1755 940 1944 993 totum
1982 933 2229 993 Coelum
2264 933 2429 990 illam
2470 934 2727 1010 effigiem

608 1036 822 1106 habet,
874 1039 1034 1096 utin
1077 1036 1480 1114 praecedente
1530 1034 1804 1093 Articulo
1850 1041 2158 1093 ostensum
2199 1033 2508 1109 videatur3
2565 1040 2626 1094 et
2667 1036 2730 1093 iu

608 1137 1052 1215 perfectissima
1097 1138 1315 1211 forma,
1373 1135 1567 1211 qualis
1630 1141 1721 1193 est
1777 1136 1967 1193 forma
2019 1135 2201 1208 coeli,
2258 1134 2583 1192 similitudo
2634 1141 2731 1194 est

607 1240 868 1315 partium
907 1256 1042 1296 cum
1080 1244 1233 1311 toto,
1290 1243 1349 1296 et
1385 1238 1678 1294 minorum
1708 1252 1841 1292 cum
1879 1238 2167 1310 maximo3
2223 1237 2452 1293 minora
2482 1242 2542 1294 et
2576 1253 2727 1312 par-

608 1345 701 1398 tes
739 1338 894 1399 coeli
928 1345 1068 1398 sunt
1095 1337 1428 1397 Societates
1459 1354 1535 1394 ex
1574 1335 1789 1411 quibus
1819 1337 2124 1410 consistit,
2165 1354 2323 1418 quae
2362 1337 2522 1412 quod
2551 1339 2729 1395 etiam

610 1442 729 1499 sint
779 1438 947 1499 Coeli
993 1441 1055 1496 in
1093 1441 1318 1496 minore
1365 1437 1587 1504 forma,
1648 1435 1923 1493 videatur
1979 1452 2166 1512 supra
2223 1453 2294 1494 n:
2357 1439 2436 1496 51
2494 1437 2571 1495 ad
2617 1437 2727 1496 58.

611 1539 787 1616 Quod
820 1545 1121 1615 perpetua
1158 1538 1294 1596 talis
1329 1536 1655 1595 similitudo
1692 1537 1797 1607 sit,
1847 1544 1939 1594 est
1975 1537 2116 1611 quia
2152 1540 2214 1594 in
2251 1536 2435 1596 coelis
2466 1538 2730 1596 omnium

607 1640 767 1698 bona
803 1657 876 1699 ex
913 1656 1032 1697 uno
1071 1655 1271 1697 amore
1308 1643 1478 1711 sunt,
1534 1638 1623 1694 ita
1660 1653 1734 1695 ex
1770 1654 1890 1694 una
1938 1638 2195 1712 origine3
2247 1654 2407 1695 unus
2450 1654 2617 1695 anior
2654 1655 2731 1697 ex

610 1756 727 1816 quo
782 1741 947 1815 origo
1003 1741 1262 1798 omnium
1326 1737 1618 1797 bonorum
1667 1736 1781 1812 ibi,
1856 1744 1949 1796 est
1997 1755 2163 1796 amor
2208 1740 2270 1796 in
2321 1739 2648 1797 Dominum
2693 1755 2732 1795 a

609 1841 867 1899 Domino
880 1861 896 1915 3
951 1840 1089 1901 inde
1135 1848 1255 1914 est,
1323 1838 1485 1915 quod
1524 1844 1713 1898 totum
1750 1836 2001 1897 Coelum
2039 1840 2117 1896 sit
2152 1838 2478 1897 similitudo
2526 1839 2731 1914 Ipsius

606 1943 670 2000 in
708 1943 1026 2011 communi,
1061 1940 1435 2016 unaquaevis
1466 1938 1739 1999 Societas
1766 1941 1828 1997 in
1865 1940 2057 1998 minus
2098 1941 2412 2013 communi,
2451 1946 2513 1998 et
2537 1955 2730 1998 unus-

609 2045 865 2119 quisque
899 2041 1170 2118 Angelus
1207 2045 1267 2100 in
1301 2040 1682 2117 particulari3
1737 2040 2055 2099 videantur
2112 2042 2291 2099 etiam
2340 2056 2495 2117 quae
2544 2056 2733 2116 supra

608 2161 682 2201 n:
729 2145 814 2202 58
856 2142 930 2202 de
972 2142 1085 2200 hac
1127 2160 1191 2201 re
1230 2141 1390 2201 dicta
1425 2147 1581 2199 sunt.

611 2355 866 2452 Quod
943 2354 1147 2426 inde
1226 2354 1864 2451 unusquisque
1942 2352 2350 2450 Angelus
2441 2356 2559 2426 sit
2641 2356 2732 2425 in

1055 2455 1480 2556 perfecta
1531 2454 1826 2526 forma
1877 2455 2273 2525 humana.

773 2629 882 2688 73.
920 2627 992 2687 In
1019 2628 1174 2687 binis
1210 2627 1715 2705 praecedentibus
1751 2627 2040 2688 Articulis
2079 2635 2389 2688 ostensum
2428 2633 2538 2701 est,
2573 2627 2736 2704 quod

612 2730 860 2791 Coelum
885 2730 945 2786 in
970 2735 1093 2788 toto
1121 2728 1440 2804 complexu
1469 2728 1694 2787 referat
1723 2747 1905 2788 unum
1938 2730 2256 2805 hominem,
2292 2735 2352 2788 et
2378 2728 2537 2805 quod
2562 2730 2734 2787 simi-

610 2832 749 2890 liter
775 2807 1147 2905 unaquaevis
1193 2827 1469 2888 Societas
1505 2829 1568 2885 in
1616 2828 1835 2904 Coe103
1876 2846 1951 2888 ex
1985 2847 2145 2889 nexu
2189 2847 2535 2902 causarum,
2577 2847 2736 2905 quae

614 2930 699 2989 ibi
727 2928 1022 2987 adductae
1058 2934 1214 3001 sunt,
1257 2929 1549 3003 sequitur,
1581 2928 1742 3004 quod
1765 2932 2178 3006 unusquisque
2207 2929 2478 3007 Angelus
2507 2932 2739 3006 pariter

611 3030 872 3090 referat:
928 3030 1081 3087 sicut
1120 3026 1368 3086 Coelum
1406 3033 1499 3086 est
1536 3026 1731 3087 Homo
1769 3030 1830 3086 in
1866 3030 2126 3089 maxima
2164 3031 2382 3103 forma,
2422 3037 2482 3090 et
2518 3029 2735 3090 Socie-

615 3138 712 3189 tas
753 3126 920 3188 Coeli
952 3130 1014 3186 in
1050 3129 1275 3187 minore
1290 3134 1311 3200 ,’
1345 3128 1431 3186 ita
1465 3127 1736 3205 Angelus
1774 3135 1868 3190 est
1900 3132 1961 3189 in
1994 3132 2237 3190 minima
2249 3151 2267 3207 3
2321 3148 2457 3191 nam
2492 3133 2551 3190 in
2586 3148 2735 3207 per-

615 3230 944 3290 fectissima
987 3227 1209 3301 forma,
1277 3227 1472 3305 qualis
1528 3235 1622 3288 est
1671 3229 1864 3288 forma
1913 3230 2109 3303 Coeli,
2181 3231 2507 3291 similitudo
2552 3233 2738 3291 totius

619 3337 716 3390 est
756 3333 815 3389 in
851 3335 1052 3406 parte,
1103 3335 1163 3389 et
1201 3331 1393 3405 partis
1429 3331 1489 3388 in
1527 3336 1682 3389 toto:
1741 3348 1928 3390 causa
1963 3332 2124 3408 quod
2157 3335 2243 3391 ita
2283 3335 2389 3408 sit,
2432 3338 2550 3407 est,
2593 3332 2741 3408 quia

618 3431 866 3493 Coelum
929 3436 1022 3490 est
1075 3432 1440 3505 communio,
1515 3433 1910 3490 communicat
1969 3436 2127 3492 enim
2175 3435 2373 3493 omnia
2434 3448 2547 3491 sua
2598 3448 2738 3492 cum

618 3533 990 3612 unoquoviS,
1033 3536 1092 3591 et
1127 3532 1542 3612 unusquisque
1578 3533 1795 3608 recipit
1832 3549 1905 3592 ex
1948 3536 2361 3594 communione
2395 3533 2503 3593 illa
2538 3533 2740 3592 omnia

617 3649 760 3708 sua,
815 3632 1086 3709 Angelus
1124 3638 1216 3691 est
1250 3632 1733 3709 receptaculum,
1791 3638 1852 3693 et
1898 3633 2036 3693 inde
2085 3633 2335 3694 Coelum
2384 3636 2446 3694 in
2493 3636 2738 3693 minima

617 3734 834 3808 forma,
873 3738 940 3791 ut
977 3750 1215 3808 quoque
1253 3735 1316 3792 in
1357 3749 1468 3792 suo
1509 3732 1774 3794 Articulo
1811 3750 1999 3811 supra
2025 3741 2334 3795 ostensum
2371 3742 2481 3795 est.
2537 3734 2736 3794 Homo

620 3834 831 3908 etiam,
880 3839 1164 3909 quantum
1200 3835 1415 3910 recipit
1454 3832 1731 3910 Coelum‚
1777 3841 2008 3894 tantum
2046 3853 2282 3912 quoque
2321 3842 2415 3896 est
2451 3841 2737 3912 recepta-

620 3932 851 4005 culum,
908 3938 1004 3992 est
1052 3933 1319 4008 coelum,
1370 3938 1432 3992 et
1484 3939 1578 3992 est
1627 3935 1907 4012 angeluS,
1954 3920 2450 4014 videatur'supra
2492 3954 2564 3995 nt
2624 3936 2734 3995 57.

619 4033 753 4095 Hoc
813 4031 1170 4092 describitur
1227 4035 1312 4091 ita
1369 4033 1430 4091 in
1482 4032 1876 4113 Apocalypsi,
1940 4081 1976 4112 „
1988 4034 2253 4098 Mens-ue
2321 4042 2417 4098 est
2479 4053 2740 4097 murum

618 4138 878 4195 sanctae
915 4129 1409 4214 Hierosolymo
1451 4138 1697 4195 centum
1747 4133 2186 4218 quadrayinta
2225 4143 2510 4217 ,quatuor
2561 4134 2736 4198 cubi-

620 4239 861 4309 torum,
940 4251 1239 4294 mensura
1295 4231 1573 4295 hominis
1614 4255 1775 4315 quae
1819 4241 1916 4297 eet
1965 4234 2235 4318 Anyelz',
2263 4241 2301 4272 “
2362 4236 2553 4298 XXI:
2615 4239 2735 4312 173

620 4335 1039 4415 Hierosolyma
1072 4333 1156 4395 ibi
1190 4340 1282 4395 est
1317 4334 1591 4397 Ecclesia
1626 4336 1895 4416 Domini,
1950 4344 2011 4399 et
2042 4340 2105 4400 in
2141 4341 2513 4400 eminentiori
2547 4352 2736 4399 sensu
