3013 5114
574 403 680 455 140
1190 390 1280 445 DE
1326 389 1559 445 COELO
1600 389 1694 442 ET
1735 386 2068 447 INFERNO.

571 554 808 612 dentiae
855 557 1025 623 sunt,
1080 558 1140 610 et
1173 550 1310 609 inde
1349 550 1589 627 objecta
1622 550 1846 608 formae
1883 550 2437 626 repraesentativae
2478 548 2683 608 talium

573 670 725 731 quae
767 658 905 711 sunt
947 655 1313 727 sapientiae3
1379 651 1540 728 quod
1588 653 1783 708 omnia
1833 668 1989 732 quae
2045 651 2104 707 in
2143 649 2340 709 Coelis
2395 657 2691 726 apparent

575 756 696 812 sint
732 753 1297 828 correspondentiae
1350 769 1480 811 cum
1533 751 1914 811 interioribus
1966 751 2365 828 Angelorum,
2418 759 2478 809 et
2528 751 2690 826 quod

573 857 693 915 sint
738 855 1324 931 repraesentationes
1376 855 1710 928 sapientiae
1760 852 2019 924 illorum,
2078 851 2352 910 videatur
2395 869 2580 927 supra
2614 871 2685 910 n:

580 959 608 1014 1
633 958 719 1015 70
760 954 835 1013 ad
884 955 1041 1012 182.
1113 954 1438 1012 Praeterea
1474 953 1843 1030 Angelorum
1880 955 2268 1029 cogitationes
2312 970 2428 1011 non
2467 952 2685 1011 finiun-

568 1063 669 1116 tur
709 1063 768 1115 et
803 1062 1181 1115 coarctantur
1210 1072 1322 1131 per
1359 1054 1532 1113 ideas
1570 1072 1643 1112 ex
1679 1056 1874 1129 spatio
1921 1060 1980 1112 et
2018 1059 2323 1129 tempore,
2377 1056 2535 1112 sicut
2576 1071 2681 1113 co-

572 1160 889 1234 gitationes
928 1156 1243 1229 humanae,
1295 1173 1433 1213 nam
1472 1156 1669 1230 spatia
1706 1162 1763 1211 et
1794 1161 2064 1230 tempora
2098 1162 2237 1212 sunt
2282 1157 2528 1230 propria
2566 1172 2683 1213 na-

569 1265 773 1331 turae,
830 1263 889 1316 ct
924 1260 1168 1334 propria
1203 1263 1453 1314 naturae
1493 1255 1794 1313 abducunt
1845 1263 2103 1313 mentem
2154 1273 2189 1313 a
2247 1254 2680 1331 spiritualibuS‚

570 1366 631 1418 et
667 1359 945 1417 auserunt
1000 1360 1151 1415 visui
1186 1356 1576 1415 intellectuali
1615 1358 2059 1422 extensionem;
2130 1356 2288 1430 quod
2336 1356 2687 1431 angelorum

568 1459 743 1518 ideae
791 1461 908 1516 sint
946 1457 1173 1532 absque
1220 1464 1489 1533 tempore
1541 1464 1600 1513 et
1637 1458 1865 1533 spatie,
1923 1465 1980 1515 et
2026 1458 2113 1515 sic
2149 1456 2483 1517 illimitatae
2537 1474 2685 1534 prae

568 1560 884 1632 humaniS,
938 1558 1214 1615 videatur
1251 1574 1436 1634 supra
1470 1576 1540 1615 n:
1589 1561 1722 1616 162
1766 1556 1840 1614 ad
1889 1561 2057 1632 169,
2116 1563 2175 1616 et
2226 1561 2358 1616 19}
2402 1558 2479 1616 ad
2524 1560 2683 1617 199.

569 1660 940 1736 Angelorum
990 1660 1531 1738 cogitationes-nec
1571 1657 1950 1717 deducuntur
1997 1658 2075 1716 ad
2110 1662 2421 1718 terrestria
2458 1667 2518 1717 et
2553 1676 2685 1716 ma-

570 1760 839 1832 terialia,
890 1776 1001 1818 nec
1038 1759 1477 1835 interpolantur
1513 1759 1591 1816 ab
1630 1758 1929 1834 aliquibus
1971 1761 2128 1817 curis
2179 1759 2252 1817 de
2306 1761 2686 1818 necessitati-

569 1862 681 1919 bus
722 1862 914 1933 vitae,
972 1862 1055 1917 ita
1090 1878 1200 1937 per
1236 1860 1339 1918 illa
1377 1878 1488 1920 nec
1527 1860 1905 1918 abducuntur
1944 1878 1980 1917 a
2016 1862 2349 1936 sapientiae
2378 1861 2683 1938 jucundiS,

569 1965 723 2021 sicut
772 1964 1163 2039 cogitationes
1207 1961 1508 2020 hominum
1553 1963 1613 2018 in
1655 1961 1908 2034 mund03
1971 1963 2168 2019 omnia
2221 1944 2372 2020 enini
2417 1961 2537 2020 illis
2573 1979 2685 2018 ve-

566 2065 738 2122 niunt
784 2065 968 2139 gratis
1021 2081 1057 2120 a
1093 2062 1382 2127 Domino,
1436 2064 1776 2120 vestiuntur
1815 2064 2028 2137 gratiS,
2094 2064 2432 2120 nutriuntur
2479 2063 2687 2137 gratie,

565 2163 838 2221 habitant
868 2165 1091 2237 gratiS‚
1138 2180 1204 2218 n:
1254 2164 1413 2220 181.
1461 2164 1631 2236 19ος
1701 2170 1759 2221 et
1794 2164 2043 2238 insuper
2078 2162 2374 2221 donantur
2401 2162 2687 2240 jucundis

569 2269 630 2321 et
695 2265 961 2321 amaenis
1034 2261 1366 2320 secundum
1441 2265 1777 2337 sapientiae
1841 2267 2242 2340 receptionem
2309 2282 2347 2322 a
2405 2264 2685 2323 Domino.

564 2364 734 2423 Haec
789 2364 946 2422 dicta
985 2370 1155 2433 sunt,
1212 2369 1278 2421 ut
1340 2365 1566 2421 sciatur
1630 2364 1787 2422 unde
1850 2364 2100 2441 Angelis
2163 2371 2331 2435 tanta
2391 2365 2690 2440 sapientia

568 2471 662 2524 est
723 2461 862 2546 (zz).
2311 2526 2327 2546 ,χ

734 2571 896 2627 267.
976 2566 1151 2642 Quod
1190 2566 1405 2643 Angeli
1444 2574 1668 2624 tantam
1721 2568 2077 2644 sapientiam
2124 2570 2397 2643 recipere
2434 2569 2687 2645 possint,

574 2673 665 2727 cst
702 2670 844 2744 quia
891 2675 1103 2744 aperta
1139 2678 1278 2725 sunt
1316 2670 1601 2725 interiora
1639 2680 1871 2741 eorum,
1926 2675 1986 2724 et
2026 2670 2324 2743 sapientia
2363 2672 2518 2728 sicu't
2556 2684 2688 2726 om-

567 2771 659 2826 nis
695 2769 988 2843 perfectio
1027 2770 1247 2826 crescit
1285 2786 1498 2828 versus
1536 2771 1850 2839 interiora,
1909 2772 1993 2827 ita
2029 2769 2355 2827 secundum
2379 2770 2685 2850 ⁸aperitio-

569 2884 707 2926 nem
751 2886 956 2925 eorum
1006 2864 1122 2948 (a):
1191 2867 1340 2927 Sunt
1392 2876 1515 2925 tres
1563 2869 1783 2943 gradus
1823 2872 2014 2942 vitae,
2070 2872 2170 2946 qui
2217 2869 2688 2946 correspondent

568 2967 761 3025 tribus
811 2967 1027 3040 coelia,
1085 2968 1248 3043 apud
1301 2971 1757 3043 unumquemvis
1804 2970 2114 3046 angelum,
2166 2970 2442 3029 videatur
2481 2989 2550 3029 n:
2599 2971 2687 3027 29

568 3066 643 3125 ad
686 3069 810 3143 403
867 3068 971 3141 illi,
1022 3068 1185 3143 apud
1223 3086 1379 3144 quos
1416 3070 1643 3146 primus
1680 3071 1901 3147 gradus
1941 3078 2186 3147 apertus
2225 3077 2345 3147 est,
2405 3073 2468 3130 in
2505 3069 2691 3131 Coelo

728 3311 845 3383 (υ.)
904 3308 990 3364 De
1035 3311 1316 3383 sapientia
1359 3314 1711 3385 Angelorum
1756 3315 1913 3385 quod
1961 3316 2034 3368 sit
2087 3314 2693 3388 incomprehensibilis

567 3397 625 3442 et
677 3387 1029 3448 ineffabilis,
1101 3406 1167 3440 n:
1226 3397 1396 3449 2795.
1453 3398 1622 3450 2796.
1668 3398 1835 3451 2802·
1879 3400 2046 3453 3314.
2093 3399 2260 3453 3404·
2303 3398 2473 3453 3405.
2517 3398 2688 3451 9094.

568 3472 811 3605 91wia)
880 3538 1042 3605 Quod
1089 3550 1362 3611 quantum
1406 3542 1581 3593 homo
1624 3542 1696 3595 ab
1738 3543 1995 3596 externis
2049 3542 2311 3596 elevatur
2363 3558 2565 3595 versus
2607 3541 2689 3593 in-

573 3616 825 3677 teriora,
884 3626 1102 3670 tantum
1143 3618 1199 3668 in
1235 3617 1443 3681 lucem,
1484 3619 1559 3670 ita
1599 3628 1813 3670 tantum
1850 3619 1957 3683 [in]
2001 3618 2439 3690 intelligentiam
2476 3617 2689 3681 veniat,

569 3707 636 3742 n:
677 3698 841 3751 6183.
869 3701 1037 3753 6313.
1083 3690 1248 3757 Quod
1276 3694 1517 3747 actualis
1553 3694 1626 3747 sit
1654 3694 1928 3758 clevatio,
1965 3713 2033 3747 n:
2072 3702 2240 3754 7816.
2269 3702 2477 3754 10330.
2523 3691 2692 3758 Quod

571 3765 821 3819 elevatio
876 3767 947 3820 ab
992 3770 1244 3821 externis
1286 3769 1356 3822 acl
1419 3770 1701 3823 interiora
1757 3770 1829 3822 sit
1871 3769 2017 3823 sicut
2056 3788 2086 3822 a
2130 3770 2330 3823 nimbo
2374 3770 2430 3823 in
2473 3770 2685 3833 lucem,

568 3858 640 3892 n:
686 3848 855 3902 4598.
940 3843 1110 3918 Quod
1166 3844 1455 3897 exteriora
1509 3846 1828 3898 remotiora
1882 3847 1996 3898 sint
2047 3864 2077 3899 a
2125 3846 2340 3898 Divino
2395 3845 2547 3916 apud
2590 3845 2690 3898 ho·

572 3916 819 3980 minem,
877 3935 1057 3989 quare
1099 3918 1351 3972 obscura
1394 3923 1723 3991 respective
1763 3932 1923 3986 sunt,
1979 3939 2046 3974 n:
2093 3929 2260 3983 6451.
2343 3924 2413 3974 Et
2454 3936 2689 3993 quoque

573 3991 900 4044 inordinata
970 3994 1338 4064 respective,
1403 4011 1470 4047 n:
1529 4005 1656 4057 996.
1714 4005 1882 4058 3855.
1984 3998 2154 4075 Quod
2223 3998 2506 4051 interiora
2578 3998 2696 4049 sint

572 4066 924 4138 perfectiora
980 4070 1117 4140 quia
1175 4069 1456 4141 propiora
1513 4072 1748 4136 Divino,
1810 4091 1878 4126 n:
1925 4081 2094 4134 5146.
2140 4080 2310 4134 5147.
2367 4071 2575 4147 ‘Quod
2630 4071 2692 4124 in

570 4142 801 4196 interno
856 4143 1036 4195 millia
1090 4155 1148 4198 et
1214 4145 1392 4198 millia
1446 4147 1593 4210 sint,
1677 4166 1823 4221 quae
1880 4148 1937 4201 in
1997 4159 2238 4203 externo
2294 4158 2576 4220 apparent
2625 4155 2693 4199 ut

568 4234 873 4273 commune
915 4237 1126 4284 unum,
1182 4238 1251 4272 n:
1296 4229 1464 4282 5707.
1549 4224 1718 4299 Quod
1762 4224 1896 4279 inde
1938 4225 2218 4298 cogitatio
2273 4236 2331 4278 et
2385 4224 2690 4296 perceptio

569 4312 685 4367 quo
731 4295 976 4349 interior
1018 4314 1087 4350 eo
1132 4296 1366 4363 clarior,
1412 4315 1478 4350 n:
1528 4307 1694 4360 5920.
