3013 5114
547 407 659 460 246
1163 390 1254 444 DE
1299 388 1536 445 COELO
1579 387 1673 441 ET
1714 386 2056 471 mmmm.

548 555 847 616 calculum
882 555 1019 624 init,
1075 549 1514 628 deprehendet,
1566 548 1727 625 quod
1759 547 1896 606 inde
1934 547 2012 606 ad
2045 547 2223 624 plura
2258 545 2443 605 millia
2474 546 2673 607 homi-

547 674 691 716 num
726 654 993 731 quolibet
1027 651 1121 711 die
1157 651 1394 726 obeant,
1429 651 1514 708 ita
1549 651 1703 707 intra
1729 649 1968 708 Annum
2005 648 2081 706 ad
2118 647 2348 724 aliquot
2372 648 2677 724 myriades

547 774 660 817 seu
701 754 1033 827 millioneS,
1106 759 1166 812 et
1212 753 1328 811 hoc
1367 769 1404 809 a
1436 752 1646 827 primis
1685 749 2083 826 temporibus,
2142 766 2177 806 a
2229 748 2446 824 quibus
2484 751 2676 809 inter-

505 842 510 851 ’
551 862 864 917 cesserunt
921 854 1149 931 aliquot
1198 852 1384 911 millia
1431 869 1750 924 annorum,
1800 851 1901 927 qui
1938 867 2142 909 omnes
2179 857 2319 926 post
2353 849 2578 909 obitum
2613 852 2679 908 in

550 958 804 1017 alterum
853 954 1167 1025 mundum,
1222 955 1324 1031 qui
1359 960 1611 1011 vocatur
1646 952 1901 1010 mundus
1952 950 2306 1028 spiritualis,
2363 957 2678 1020 venerunt,

552 1064 614 1118 et
651 1056 877 1136 jugiter
932 1057 1196 1114 veniunt.
1286 1053 1447 1130 Quot
1497 1060 1700 1112 autem
1754 1069 1830 1111 ex
1876 1051 1996 1110 illis
2042 1051 2262 1128 Angeli
2314 1049 2483 1112 Coeli
2529 1052 2679 1111 facti

550 1166 693 1218 sunt
742 1163 802 1217 ct
855 1157 1035 1226 flunt,
1087 1174 1205 1215 non
1259 1155 1375 1214 dici
1411 1161 1646 1232 potest3
1711 1154 1825 1212 hoc
1876 1153 2019 1211 mihi
2068 1153 2290 1211 dictum
2339 1158 2468 1222 est,
2519 1152 2681 1229 quod

557 1261 817 1335 antiquis
858 1257 1227 1333 temporibus
1263 1255 1575 1332 permulti,
1632 1257 1774 1331 quia
1817 1261 1957 1312 tunc
2007 1253 2278 1313 homines
2329 1254 2578 1313 interius
2616 1259 2680 1311 et

553 1359 693 1437 plus
731 1357 1125 1435 spiritualiter
1172 1359 1615 1432 cogitaverunt,
1687 1373 1758 1414 ac
1794 1355 1930 1414 inde
1969 1356 2029 1412 in
2074 1354 2321 1413 coelesti
2364 1353 2680 1413 affectione

552 1462 824 1535 fuerunt;
865 1465 926 1516 at
963 1457 1122 1533 quod
1157 1457 1547 1533 sequentibus
1591 1459 1756 1515 aevis
1794 1474 1912 1514 non
1948 1463 2066 1513 tam
2098 1456 2300 1524 multi,
2338 1457 2477 1531 quia
2500 1455 2681 1514 homo

551 1576 841 1620 successu
877 1561 1163 1634 temporis
1202 1560 1461 1617 exterior
1495 1557 1692 1616 factus
1733 1564 1841 1632 est,
1884 1564 1944 1616 et
1976 1557 2115 1633 plus
2147 1556 2499 1614 naturaliter
2524 1572 2672 1615 coe-

551 1663 643 1739 pit
683 1661 979 1736 cogitare,
1038 1666 1097 1717 et
1131 1658 1267 1717 inde
1305 1661 1365 1717 in
1400 1661 1672 1717 terrestri
1717 1657 2030 1717 affectione
2072 1674 2228 1716 esse.
2292 1658 2381 1715 Ex
2416 1656 2510 1715 his
2545 1658 2677 1732 pri-

510 1789 516 1795 ·
553 1778 715 1820 inum
753 1768 1026 1819 constare
1055 1766 1285 1836 potest,
1326 1759 1487 1837 quod
1525 1758 1776 1818 Coelum
1813 1777 1885 1818 ex
1923 1759 2067 1817 solis
2104 1757 2313 1817 incolis
2348 1757 2528 1835 hujus
2557 1757 2682 1815 tel-

548 1864 698 1922 luris
737 1879 1016 1938 magnum
1052 1864 1149 1920 sit.

713 1966 795 2022 41
818 1968 875 2023 6.
935 1962 1111 2038 Quod
1148 1960 1395 2021 Coelum
1426 1960 1666 2020 Domini
1701 1964 2055 2019 immensum
2093 1962 2197 2034 sit,
2238 1965 2513 2018 constare
2540 1966 2685 2034 pot-

561 2072 655 2125 est
705 2082 780 2123 ex
832 2080 902 2122 eo
948 2064 1105 2136 s010,
1175 2063 1334 2139 quod
1384 2078 1590 2121 omnes
1638 2062 1906 2120 Infantes
1953 2063 2078 2120 slve
2124 2064 2279 2119 intra
2332 2062 2460 2119 sive
2511 2067 2685 2118 extra

552 2163 890 2225 Ecclesiam
927 2166 1051 2220 nati
1099 2166 1250 2232 sint,
1303 2162 1666 2238 adoptentur
1703 2179 1740 2220 a
1774 2162 2063 2236 Domino,
2132 2168 2193 2220 et
2242 2161 2389 2221 fiant
2440 2160 2681 2236 Angeli,

559 2281 808 2341 quorum
845 2280 1129 2322 numerus
1168 2262 1244 2321 ad
1292 2270 1566 2338 quartam
1612 2279 1720 2321 seu
1759 2263 2021 2338 quintam
2059 2269 2291 2338 partem
2328 2264 2511 2322 totius
2553 2261 2682 2321 Ge·-

553 2367 718 2424 neris
752 2364 996 2423 humani
1045 2366 1103 2422 in
1145 2362 1360 2423 tellure
1401 2365 1687 2440 exsurgit.
1783 2363 1959 2440 Quod
1996 2365 2408 2439 unusquisque
2454 2361 2681 2436 Infans„

553 2466 897 2543 ubicunque
936 2471 1112 2524 natus
1153 2471 1281 2540 est,
1345 2467 1470 2524 sive
1515 2466 1672 2523 intra
1714 2463 2054 2524 Ecclesiam
2099 2467 2229 2523 sive
2284 2470 2454 2523 extra
2497 2462 2685 2536 illam,

555 2571 683 2629 sive
722 2585 759 2626 a
791 2568 1143 2647 parentibus
1180 2568 1297 2644 piis
1334 2569 1461 2625 sive
1509 2566 1586 2625 ab
1627 2569 1860 2644 impiiS,
1917 2583 2050 2626 curn
2088 2568 2364 2640 moritur,
2419 2566 2683 2641 recipia-

555 2677 653 2730 tur
689 2687 725 2726 a
763 2668 1038 2742 Domino,
1092 2675 1151 2727 et
1199 2670 1258 2726 in
1309 2666 1492 2727 Coelo
1532 2668 1851 2742 educetur,
1921 2673 1982 2726 et
2029 2668 2358 2726 secundum
2399 2666 2687 2726 Divinum

565 2768 852 2829 Ordinem
888 2770 1177 2829 doceatur
1206 2774 1265 2827 et
1301 2769 1603 2828 imbuatur
1639 2768 2051 2828 affectionibus
2087 2767 2258 2841 boni,
2300 2774 2361 2825 et
2396 2785 2506 2843 per
2542 2766 2684 2826 illas

559 2869 994 2945 cognitionibus
1033 2871 1191 2937 veri,
1250 2875 1310 2926 et
1347 2868 1483 2927 dein
1521 2872 1677 2928 sicut
1712 2869 2016 2945 perficitur
2050 2868 2444 2945 intelligentia
2480 2875 2540 2927 et
2575 2884 2682 2926 sa-

555 2970 817 3046 pientia,
871 2968 1286 3027 introducatur
1331 2971 1393 3027 in
1447 2968 1729 3043 Caelum,
1796 2975 1857 3028 et
1902 2968 2006 3027 fiat
2042 2968 2344 3045 AngeluS,
2408 2968 2688 3027 videatur

560 3085 748 3145 supra
800 3086 874 3127 n:
928 3070 1066 3127 329
1100 3068 1177 3126 ad
1212 3070 1384 3143 3453
1441 3077 1665 3146 quanta
1708 3072 1913 3145 itaque
1959 3069 2273 3128 multitudo
2311 3069 2684 3146 Angelorum

562 3167 730 3229 Coeli
768 3185 805 3226 a
839 3169 1034 3245 prima
1082 3171 1387 3229 creatione
1436 3170 1514 3228 ad
1557 3170 1907 3229 hodiernum
1959 3175 2200 3247 tempus
2255 3188 2327 3229 ex
2367 3170 2487 3229 illis
2535 3170 2686 3230 solis

563 3271 888 3345 exstiterit,
945 3269 1221 3330 concludi
1263 3275 1482 3346 potest.

715 3375 879 3431 417.
964 3370 1157 3448 Quam
1208 3372 1563 3429 immensum
1620 3372 1697 3429 sit
1747 3368 1999 3430 Coelum
2061 3372 2334 3443 Domini,
2407 3377 2685 3433 constare

565 3476 745 3533 etiam
780 3478 984 3549 potest
1021 3490 1094 3533 ex
1133 3489 1205 3533 eo
1244 3471 1404 3549 quod
1440 3487 1646 3531 omnes
1674 3471 1964 3532 Planetae
2002 3490 2203 3532 coram
2242 3474 2433 3534 oculis
2472 3476 2534 3532 in
2569 3489 2684 3531 no-

563 3582 687 3633 stro
726 3573 951 3658 Mundo
988 3574 1171 3634 solari
1206 3573 1531 3649 conspicui,
1569 3575 1689 3632 sint
1726 3572 2039 3647 Tellures,
2083 3580 2145 3634 et
2176 3582 2500 3651 praeterea
2526 3572 2688 3650 quod

561 3674 1025 3735 innumerabiles
1073 3676 1191 3734 sint
1230 3678 1292 3734 in
1327 3677 1644 3749 universo,
1703 3680 1763 3734 et
1810 3691 2016 3736 omnes
2060 3674 2279 3753 plenae
2314 3675 2555 3750 ineolis,
2612 3673 2689 3733 de
2755 3689 2761 3694 ·

563 3772 779 3848 quibus
826 3776 886 3832 in
931 3776 1224 3851 peculiari
1266 3776 1578 3852 Opusculo
1631 3776 1704 3835 de
1744 3775 2092 3837 Telluribus
2146 3778 2265 3837 illis
2320 3783 2522 3837 aetum
2571 3779 2684 3849 est,

562 3889 638 3931 ex
674 3890 790 3949 quo
826 3874 976 3933 haec
1012 3878 1329 3952 sequentia
1354 3877 1537 3936 velim
1572 3876 1804 3936 afferre.
1889 3877 2116 3953 „Quod
2158 3878 2365 3955 plures
2403 3875 2685 3936 Tellures

562 3973 763 4047 „sint,
816 3979 877 4031 et
910 3990 1096 4052 super
1127 3975 1247 4035 illis
1281 3974 1586 4052 homines,
1627 3983 1689 4036 et
1727 3977 1865 4036 inde
1904 3976 2165 4054 Spiritus
2202 3984 2265 4039 et
2296 3976 2536 4056 Angeli,
2570 3992 2685 4035 no-

561 4073 905 4147 „tissimum
942 4078 1035 4133 est
1079 4075 1140 4133 in
1192 4075 1385 4134 altera
1434 4079 1590 4152 vita,
1645 4094 1785 4136 nam
1822 4079 2014 4138 cuivis
2049 4079 2162 4156 ibi,
2220 4082 2322 4157 qui
2364 4096 2442 4139 cx
2480 4093 2687 4137 amore

563 4175 739 4246 „veri
789 4179 850 4232 et
886 4173 1023 4233 inde
1070 4190 1220 4234 usus
1259 4173 1595 4251 desiderat,
1650 4195 1785 4236 cum
1835 4180 2147 4255 spiritibus
2185 4181 2435 4240 aliarum
2476 4177 2690 4239 Tellu-

566 4292 742 4349 ,rum
769 4274 933 4354 loqui
969 4276 1344 4351 conceditur,
1384 4282 1444 4336 et
1478 4275 1617 4338 inde
1655 4277 1990 4340 confirmari
2019 4281 2094 4342 de
2127 4281 2476 4359 pluralitate
2503 4278 2686 4339 Mun·
2744 4301 2755 4314 ¹
