3013 5114
794 425 989 493 QUOD
1032 426 1353 482 DOMINUS
1396 425 1639 498 REGAT
1680 425 2015 484 INFERNA.
2257 418 2260 421 Δ
2358 442 2464 492 337

339 585 661 662 Articulis,
717 586 824 646 ubi
866 592 1063 646 actum
1111 592 1205 673 est
1249 584 1323 645 de
1378 589 1601 662 primo,
1653 586 1920 648 secundo
1974 594 2035 647 et
2082 591 2257 649 tertio
2307 597 2468 650 statu

344 689 602 749 hominis
656 693 801 765 post
836 694 1115 762 mortem,
1174 704 1245 746 nt
1272 688 1424 745 -491
1461 686 1540 745 ad
1574 686 1747 746 520:
1802 695 1863 746 et
1910 686 2068 764 quod
2114 692 2304 750 omnis
2350 709 2464 769 po-

340 792 530 851 tentia
578 790 659 848 sit
703 791 832 848 veri
869 806 945 847 ex
994 787 1183 863 bono,
1244 790 1305 847 in
1350 786 1625 848 Articulo
1677 786 1752 848 de
1786 788 2065 850 Potentia
2101 790 2468 869 Angelorum

337 892 532 965 coeli,
585 907 656 950 ne
713 892 852 950 228
886 889 963 948 ad
997 890 1159 949 233.

504 992 665 1052 540.
732 989 865 1067 Hoc
911 1007 1070 1049 nunc
1108 995 1201 1048 est
1237 989 1659 1067 aequilibrium
1694 992 1851 1050 inter
1888 987 2138 1051 Coelum
2175 998 2236 1053 et
2267 991 2465 1056 Infer-

339 1111 515 1169 num3
568 1092 657 1151 illi
707 1093 811 1168 qui
855 1093 918 1150 in
966 1091 1189 1150 Mundo
1237 1093 1558 1167 spirituum
1607 1097 1778 1164 sunt,
1850 1094 1911 1150 in
1958 1091 2069 1155 illo,
2111 1093 2465 1171 aequilibrio

339 1200 517 1264 sunt,
580 1210 719 1252 nam
768 1191 1029 1251 Mundus
1078 1194 1431 1268 spirituum,
1489 1197 1584 1250 est
1633 1191 1866 1251 medius
1914 1193 2069 1252 inter
2115 1191 2363 1253 Coelum
2408 1202 2473 1253 et

337 1293 674 1368 Infernum3
731 1297 794 1352 et
831 1291 970 1352 inde
1006 1308 1245 1369 quoque
1284 1309 1498 1351 omnes
1535 1292 1806 1351 homines
1842 1293 1902 1352 in
1939 1293 2159 1353 mundo
2193 1296 2252 1353 in
2290 1293 2468 1359 simili

336 1395 694 1472 aequilibrio
731 1398 1037 1501 tenentur,
1089 1411 1228 1452 nam
1261 1393 1536 1452 homines
1581 1395 1644 1451 in
1686 1393 1906 1452 mundo
1942 1400 2230 1470 reguntur
2264 1410 2302 1452 a
2334 1395 2468 1454 Do·-

339 1498 500 1556 mino
546 1512 658 1572 per
699 1496 946 1571 spiritus
990 1495 1093 1571 qui
1137 1496 1198 1553 in
1241 1493 1462 1552 mundo
1508 1495 1829 1570 spirituum
1879 1499 2049 1564 sunt,
2108 1494 2185 1553 de
2236 1510 2356 1571 qua
2398 1510 2466 1554 re

338 1598 493 1656 infra
532 1598 594 1655 in
630 1611 743 1655 suo
794 1595 1065 1655 Articulo
1116 1594 1413 1674 agendum
1465 1600 1576 1653 est.
1670 1593 1822 1654 Tale
1878 1593 2296 1671 aequilibrium
2348 1612 2468 1654 non

337 1697 474 1757 dari
515 1700 750 1773 potest,
798 1697 916 1755 nisi
949 1696 1243 1761 Dominus
1270 1700 1442 1772 regat
1476 1701 1798 1771 utrumque
1834 1700 1955 1754 tam
1995 1694 2248 1757 Coelum
2284 1712 2470 1773 quam

336 1798 677 1871 Infernum,
745 1813 816 1855 ac
864 1798 1143 1873 utrinque
1200 1795 1578 1875 moderetur3
1652 1795 1916 1872 alioquin
1975 1795 2132 1855 falsa
2180 1812 2257 1856 ex
2306 1797 2467 1857 malo

339 1888 931 1976 ¹superabundarent,
988 1903 1048 1957 et
1083 1895 1393 1956 afficerent
1429 1894 1739 1971 simplices
1783 1895 1971 1954 bonos
2009 1899 2113 1972 qui
2146 1899 2207 1955 in
2242 1896 2467 1958 ultimis

339 2000 498 2082 coeli
536 2006 708 2070 sunt,
774 2000 878 2075 qui
923 1997 1159 2058 facilius
1210 1997 1481 2075 perverti
1532 2011 1710 2071 quam
1759 1993 1879 2073 ipsi
1924 1995 2144 2073 Angeli
2188 1999 2463 2076 possunt,

341 2106 404 2160 et
445 2103 534 2160 sic
568 2102 797 2177 periret
832 2098 1284 2177 aequilibrium,
1343 2103 1404 2157 et
1444 2113 1580 2157 cum
1621 2095 1977 2175 aequilibrio
2014 2096 2267 2160 liberum
2303 2097 2468 2176 apud

338 2201 632 2262 homines.

507 2303 667 2363 541.
744 2300 1047 2361 Infernum
1109 2300 1382 2361 similiter
1441 2302 1501 2359 in
1566 2298 1904 2361 Societates
1963 2298 2307 2362 distinctum
2375 2307 2470 2360 est

336 2409 520 2479 prout
565 2399 845 2472 Coelum,
896 2410 956 2461 et
1004 2419 1243 2478 quoque
1291 2403 1352 2460 in
1394 2407 1482 2460 tot
1518 2399 1856 2460 Societates
1903 2403 1966 2458 in
2002 2407 2147 2476 quot
2183 2399 2464 2476 Coelum3

341 2520 482 2563 nam
515 2504 888 2579 unaquaevis
918 2499 1190 2561 Societas
1226 2504 1287 2561 in
1324 2499 1493 2560 coelo
1532 2500 1647 2559 sibi
1683 2502 2020 2576 oppositam
2048 2498 2230 2557 habet
2259 2497 2470 2560 Socie-

342 2609 527 2662 tatem
570 2605 632 2662 in
671 2603 935 2673 inferno,
990 2609 1050 2661 et
1099 2601 1215 2659 hoc
1265 2608 1513 2682 propter
1562 2600 2003 2680 aequilibrium.
2090 2597 2212 2658 Sed
2265 2601 2464 2659 socie-

343 2709 502 2763 tates
547 2705 610 2763 in
643 2703 884 2763 Inserno
920 2702 1237 2760 distinctae
1285 2706 1426 2759 sunt
1460 2699 1794 2759 secundum
1830 2697 1991 2757 mala
2027 2705 2088 2759 et
2119 2698 2258 2759 inde
2295 2698 2468 2774 falsa,

342 2807 486 2881 quia
532 2806 857 2865 societates
906 2804 965 2862 in
1018 2800 1203 2862 Coelo
1258 2808 1397 2861 sunt
1444 2800 1763 2859 distinctae
1818 2799 2150 2860 secundum
2196 2798 2358 2859 bona
2410 2804 2471 2859 et

342 2905 480 2965 inde
531 2923 713 2966 vera:
785 2903 944 2980 quod
998 2903 1293 2963 unicuivis
1344 2902 1502 2962 bono
1554 2902 1634 2959 sit
1683 2902 2027 2977 oppositum
2088 2900 2338 2975 malum,
2407 2905 2470 2958 et

344 3005 642 3066 unicuivis
677 3023 822 3065 vero
871 3007 949 3064 sit
983 3005 1326 3081 oppositum
1353 3003 1604 3077 falsum,
1644 3003 1785 3061 sciri
1827 3005 2030 3078 potest
2066 3017 2138 3061 ex
2177 3017 2269 3076 eo,
2309 2999 2472 3077 quod

340 3125 460 3167 non
497 3110 576 3168 sit
610 3106 838 3184 aliquid
876 3105 1105 3181 absque
1136 3104 1432 3164 relatione
1469 3102 1547 3161 ad
1583 3119 1759 3161 suum
1797 3103 2173 3179 oppositum,
2210 3106 2271 3161 et
2309 3099 2472 3178 quod

342 3226 422 3268 ex
481 3209 761 3286 opposito
815 3212 1103 3266 noscatur
1150 3204 1328 3283 quale
1384 3212 1510 3275 est,
1564 3206 1724 3274 etin
1761 3218 1880 3280 quo
1931 3203 2152 3279 gradu,
2207 3207 2272 3260 et
2308 3201 2469 3279 quod

334 3309 480 3374 inde
516 3313 595 3369 sit
622 3311 814 3369 omnis
850 3309 1164 3386 perceptio
1203 3312 1263 3366 et
1289 3308 1574 3367 sensatio.
1665 3303 1867 3380 Quare
1912 3302 2206 3361 Dominus
2241 3303 2472 3377 jugiter

339 3410 645 3487 providet,
713 3417 780 3469 ut
832 3410 1023 3468 omnis
1081 3406 1355 3468 Societas
1412 3406 1567 3466 coeli
1624 3421 1802 3463 suum
1852 3404 2197 3479 oppositum
2245 3399 2471 3459 habeat

339 3512 404 3570 i'n
451 3508 752 3570 Societate
786 3510 1029 3584 inferni,
1087 3516 1146 3568 et
1183 3507 1345 3584 quod
1377 3509 1536 3566 inter
1568 3504 1706 3562 illas
1744 3501 2165 3579 aequilibrium
2216 3501 2314 3558 sit.
2523 3493 2528 3496 ’

503 3610 663 3669 542.
748 3608 904 3685 Quia
952 3608 1260 3669 Infernum
1288 3609 1376 3688 ‘Q
1428 3610 1520 3664 tot
1566 3605 1894 3686 societates
1949 3601 2294 3661 distinctum
2347 3605 2461 3675 est,

340 3712 403 3770 in
452 3715 597 3787 quot
653 3708 933 3782 coelum,
1012 3708 1150 3767 ideo
1225 3723 1468 3782 quoque
1528 3703 1775 3763 totidem
1836 3701 2069 3762 inferna
2125 3706 2269 3761 sunt
2322 3706 2469 3778 quot

339 3813 666 3872 societates
707 3808 894 3884 coeli,
948 3826 1086 3867 nam
1125 3807 1492 3883 unaquaevis
1531 3806 1790 3864 societas
1827 3803 1982 3864 coeli
2019 3810 2112 3862 est
2144 3804 2205 3861 in
2234 3800 2470 3861 minore

337 3914 531 3972 forma
565 3910 829 3985 coelum,
883 3908 1160 3968 videatur
1192 3924 1379 3983 supra
1412 3911 1494 3965 'nt
1556 3906 1635 3964 51
1675 3904 1752 3963 ad
1788 3906 1871 3965 58
1892 3948 1909 3974 ,
1963 3896 2064 3962 ita'
2095 3904 2467 3980 unaquaevis

337 4016 601 4074 societas
636 4013 852 4072 inferni
892 4012 1069 4071 estin
1099 4010 1326 4067 minore
1361 4008 1553 4067 forma
1583 4007 1897 4084 infernum,
1955 4003 2113 4081 Quia
2146 4006 2207 4064 in
2241 4019 2467 4080 genere

219 4129 235 4135 ³
339 4120 465 4173 tres
510 4112 678 4173 Coeli
724 4120 892 4189 sunt,
966 4111 1102 4171 ideo
1145 4126 1385 4187 quoque
1443 4111 1504 4167 in
1558 4125 1779 4185 genere
1838 4109 1955 4166 tria
1999 4105 2241 4165 Inferna
2289 4108 2467 4178 sunt3

338 4212 605 4274 infimum
633 4213 791 4290 quod
821 4215 1163 4290 oppositum
1193 4217 1287 4270 est
1327 4212 1531 4269 intimo
1573 4226 1685 4269 seu
1724 4211 1902 4268 tertio
1943 4205 2158 4279 Coelo,
2203 4203 2468 4264 medium

445 4324 871 4376 Swedcnborg,
909 4325 973 4364 De
1009 4324 1150 4366 Coelo
1182 4329 1225 4362 ct
1262 4321 1465 4361 Inferna.
2046 4308 2133 4364 22
