3013 5114
598 437 707 490 352
1208 425 1305 480 DE
1349 421 1586 480 coELo
1627 422 1722 481 ET
1761 421 2095 480 INFERNO.

595 588 719 649 illis
756 585 981 646 dictum
1016 590 1141 659 est,
1198 584 1359 662 quod
1401 604 1522 645 non
1571 586 1834 662 cogitent
1869 586 1987 644 nisi
2022 600 2201 660 quam
2240 581 2314 645 de
2353 597 2455 657 se,
2512 587 2575 642 et
2607 597 2729 643 non

597 690 676 750 de
711 688 919 764 aliqua
951 703 1017 746 re
1053 688 1172 745 nisi
1199 704 1275 746 ex
1308 703 1404 762 se,
1443 689 1530 746 ita
1563 685 1725 764 quod
1750 685 1974 763 stupidi
2004 691 2234 762 essent,
2278 688 2342 745 et
2366 683 2542 744 modo
2569 684 2731 743 sicut

597 787 912 850 sensuales
960 790 1236 864 corporei
1286 789 1571 865 spiritus;
1647 793 2019 865 quapropter
2078 785 2333 864 relegati
2383 785 2728 862 ubicunque

595 894 915 951 venerunt:
987 895 1128 966 post
1174 889 1416 966 aliquod
1467 895 1706 965 tempus
1756 890 1871 947 visi
1916 894 2088 963 sunt,
2161 887 2323 965 quod
2378 887 2460 946 ad
2507 888 2727 946 incitas

603 991 836 1051 redacti
870 991 1014 1065 sint,
1072 996 1136 1049 et
1170 997 1530 1067 quaererent
1556 992 1795 1067 stipem.
1859 987 2009 1049 Inde
2047 1005 2286 1066 quoque
2314 990 2528 1065 patuit,
2568 986 2731 1065 quod

605 1094 712 1170 qui
745 1094 808 1151 in
841 1108 1045 1150 amore
1081 1094 1179 1151 sui
1212 1098 1379 1167 sunt,
1421 1097 1727 1168 utcunque
1764 1107 1837 1149 ex
1877 1092 2015 1168 igne
2052 1092 2148 1153 sui
2184 1092 2404 1149 amoris
2430 1091 2590 1149 sicut
2622 1105 2732 1148 sa-

599 1196 838 1271 pienter
879 1192 1199 1253 videantur
1224 1193 1392 1271 loqui
1415 1194 1477 1251 in
1513 1192 1766 1263 mundo,
1809 1192 2005 1268 usque
2039 1190 2102 1251 id
2136 1193 2215 1250 sit
2250 1190 2448 1250 solum
2482 1207 2559 1250 ex
2594 1207 2729 1250 me-

505 1319 509 1324 ’
604 1296 797 1355 moria
842 1301 904 1353 et
945 1311 1061 1352 non
1111 1312 1187 1354 ex
1234 1294 1437 1371 aliqua
1470 1292 1607 1352 luce
1642 1291 1950 1368 rationali3
2020 1309 2206 1369 quare
2251 1294 2313 1351 in
2354 1292 2547 1350 altera
2578 1293 2726 1365 vita,

603 1413 737 1455 cum
772 1411 872 1455 res
916 1398 1237 1456 memoriae
1273 1394 1566 1453 naturalis
1610 1411 1729 1453 non
1774 1392 2096 1470 reproduci
2129 1393 2389 1470 amplius
2423 1393 2726 1469 permitti-

604 1503 735 1570 tur,
790 1501 931 1554 sunt
967 1495 1101 1555 aliis
1136 1495 1531 1574 stupidiores,
1587 1502 1650 1555 et
1682 1494 1798 1553 hoc
1841 1510 1915 1554 ex
1954 1510 2167 1571 causa,
2209 1496 2352 1572 quia
2386 1495 2656 1571 separati
2691 1509 2730 1551 a

601 1596 845 1655 Divino,

770 1697 928 1757 564.
999 1694 1152 1756 Sunt
1189 1695 1308 1756 duo
1356 1696 1599 1756 dominii
1641 1714 1893 1774 genera,
1954 1715 2139 1758 unum
2178 1703 2272 1757 est
2319 1698 2546 1756 amoris
2582 1711 2729 1773 erga

611 1798 977 1876 proximum,
1026 1804 1086 1857 et
1114 1798 1366 1869 alterum
1396 1804 1489 1857 est
1515 1801 1734 1857 amoris
1771 1801 1894 1875 sui;
1946 1798 2099 1858 haec
2135 1797 2254 1857 duo
2291 1797 2550 1857 dominia
2588 1803 2730 1856 sunt

604 1899 721 1959 sibi
754 1899 816 1956 in
842 1914 955 1958 sua
984 1902 1248 1959 essentia
1277 1915 1524 1976 prorsus
1553 1901 1860 1976 opposita:
1913 1901 2018 1977 qui
2044 1898 2382 1959 dominatur
2417 1915 2493 1957 ex
2521 1915 2726 1958 amore

609 2017 755 2078 erga
789 2003 1157 2077 proximum,
1210 2002 1261 2059 is
1311 1999 1441 2059 vult
1480 1999 1753 2059 omnibus
1802 2000 2050 2074 bonum,
2107 2005 2169 2059 et
2206 1999 2355 2058 nihil
2388 1997 2526 2076 plus
2565 2006 2730 2058 amat

607 2118 788 2177 quam
833 2117 1015 2176 usuS‚
1070 2104 1156 2159 ita
1207 2103 1433 2160 servire
1477 2100 1639 2174 aliis,
1710 2097 1846 2182 (per
1895 2102 2129 2161 servire
2180 2100 2315 2159 aliis
2373 2098 2728 2177 intelligitur

612 2201 744 2259 aliis
779 2200 1001 2258 bonum
1038 2200 1197 2259 velle
1237 2207 1299 2259 et
1334 2217 1482 2260 usus
1520 2207 1863 2278 praestare,
1916 2204 2045 2261 sive
2082 2203 2162 2260 sit
2195 2200 2542 2274 Ecclesiae,
2598 2202 2727 2260 sive

606 2301 880 2369 Patriae,
933 2303 1060 2359 sive
1099 2298 1419 2374 Societati,
1476 2304 1606 2361 sive
1650 2299 1905 2382 concivi)
1959 2301 2074 2361 hoc
2119 2304 2249 2378 ejus
2285 2318 2453 2365 amor
2489 2306 2612 2375 est,
2669 2307 2730 2360 et

604 2401 721 2462 hoc
753 2401 1087 2477 jucundum
1135 2401 1331 2461 cordis
1389 2402 1550 2479 ejus:
1605 2404 1656 2461 is
1707 2420 1949 2480 quoque
2000 2409 2290 2480 quantum
2329 2401 2606 2462 evehitur
2649 2402 2728 2460 ad

600 2503 925 2581 dignitates
961 2518 1150 2580 supra
1196 2503 1378 2580 aliOS,
1432 2508 1665 2562 tantum
1708 2503 2000 2578 laetatur,
2058 2520 2268 2563 verum
2316 2520 2432 2563 non
2479 2507 2730 2580 propter

600 2604 957 2681 dignitates,
997 2604 1107 2663 sed
1134 2612 1384 2681 propter
1418 2621 1568 2664 usus
1586 2649 1604 2680 ,
1652 2622 1804 2682 quos
1840 2612 1984 2664 tunc
2011 2605 2070 2663 in
2097 2605 2259 2682 pluri
2295 2608 2468 2682 copia
2497 2610 2558 2664 et
2592 2622 2727 2665 ma-

591 2706 714 2783 jori
748 2703 939 2781 gradu
975 2712 1291 2780 praestare
1327 2711 1534 2782 potest
1547 2727 1563 2782 3
1608 2707 1728 2766 tale
1766 2707 2090 2766 dominium
2124 2713 2218 2765 est
2252 2708 2313 2764 in
2355 2705 2588 2765 Coelis:
2642 2713 2725 2781 at,

601 2807 705 2883 qui
740 2804 1080 2864 dominatur
1116 2823 1191 2865 ex
1242 2823 1446 2866 amore
1495 2808 1622 2876 sui,
1671 2809 1724 2865 is
1773 2806 1906 2865 vult
1950 2805 2099 2865 nulli
2139 2806 2390 2881 bonum,
2455 2804 2567 2866 sed
2611 2807 2731 2867 sibi

600 2906 714 2964 soli
725 2925 742 2981 3
780 2921 961 2980 usus,
1018 2923 1167 2983 quos
1201 2912 1510 2985 praestat,
1569 2914 1711 2967 sunt
1745 2914 1994 2985 propter
2029 2909 2125 2966 sui
2170 2907 2454 2966 honorem
2493 2913 2555 2967 et
2590 2908 2725 2985 glo-

600 3006 784 3078 riam,
843 3008 944 3082 qui
976 3008 1032 3064 ei
1067 3014 1208 3065 sunt
1243 3007 1358 3067 soli
1395 3024 1572 3068 usus:
1628 3011 1858 3069 servire
1898 3008 2031 3068 aliis
2062 3013 2156 3068 est
2191 3010 2249 3068 ei
2272 3014 2523 3085 propter
2546 2995 2730 3069 finem

603 3109 672 3163 ut
706 3106 1038 3179 serviatur,
1088 3106 1446 3183 honoretur,
1502 3126 1574 3169 ac
1612 3109 1947 3168 dominetur
1959 3130 1977 3187 3
2031 3109 2217 3170 ambit
2252 3108 2571 3186 dignitates
2606 3127 2728 3170 nou

599 3210 849 3283 propter
885 3204 1072 3280 bona,
1129 3224 1283 3284 quae
1322 3208 1693 3285 praestanda
1735 3210 1978 3270 Patriae
2017 3216 2078 3272 et
2119 3209 2463 3284 Ecclesiae,
2513 3210 2625 3271 sed
2658 3217 2728 3270 ut

602 3312 662 3367 in
691 3307 1012 3367 eminentia
1041 3314 1102 3367 et
1127 3307 1320 3386 gloria
1354 3310 1448 3384 sit,
1498 3315 1560 3368 et
1594 3309 1730 3368 inde
1756 3312 1817 3369 in
1845 3313 1940 3370 sui
1968 3311 2162 3371 cordis
2192 3310 2481 3387 jucundo.
2535 3312 2728 3372 Amor

601 3409 844 3469 dominii
877 3416 1080 3468 manet
1115 3411 1295 3470 etiam
1329 3412 1790 3487 unumquemvis
1818 3418 1961 3488 post
1987 3413 2178 3470 vitam
2214 3412 2274 3469 in
2310 3410 2529 3471 mundo
2539 3433 2557 3488 3
2613 3412 2727 3473 sed

600 3512 704 3586 qui
730 3509 1014 3569 dominati
1052 3517 1192 3570 sunt
1231 3530 1307 3571 ex
1343 3529 1545 3572 amore
1583 3529 1729 3589 erga
1767 3515 2138 3588 proximum,
2183 3512 2306 3572 illis
2343 3512 2725 3576 concreditur

601 3613 783 3671 etiam
818 3611 1140 3673 dominatio
1168 3616 1229 3672 in
1271 3611 1475 3690 coelis,
1506 3630 1724 3674 ¹verum
1753 3619 1893 3673 tunc
1920 3613 2009 3672 illi
2036 3631 2154 3674 non
2179 3611 2582 3690 dominantur,
2611 3614 2725 3674 sed

600 3726 750 3770 usus
787 3728 937 3788 quos
977 3720 1207 3789 amant,
1272 3721 1333 3773 et
1365 3731 1501 3774 eum
1539 3730 1724 3784 usus,
1770 3713 2107 3773 dominatur
2142 3714 2471 3776 Dominus:
2527 3721 2590 3773 at
2623 3716 2731 3792 qui

600 3811 663 3868 in
698 3812 918 3872 mundo
947 3814 1231 3875 dominati
1257 3821 1394 3874 sunt
1433 3832 1510 3874 ex
1545 3832 1748 3875 amore
1779 3817 1891 3889 sui,
1920 3815 2009 3874 illi
2034 3821 2177 3893 post
2201 3817 2386 3875 vitam
2409 3818 2476 3874 in
2502 3815 2729 3876 mundo

601 3915 743 3968 sunt
777 3913 836 3970 in
874 3912 1144 3986 Inferno‚
1203 3920 1263 3975 et
1297 3915 1381 3974 ibi
1419 3915 1564 3974 vilia
1606 3917 1939 3994 mancipia:
1992 3915 2115 3976 vidi
2154 3922 2472 3994 potenteS,
2526 3919 2631 3993 qui
2665 3918 2730 3975 in

601 4009 822 4069 mundo
867 4029 943 4097 ex
991 4030 1193 4074 amore
1230 4015 1324 4073 sui
1365 4015 1651 4074 dominati
1685 4021 1857 4089 sunt,
1894 4018 2155 4097 rejectos
2195 4019 2353 4078 inter
2377 4017 2726 4094 vilissimoS,

604 4114 668 4168 et
695 4111 984 4186 quosdam
1021 4115 1176 4172 inter
1209 4112 1343 4171 illos
1381 4116 1484 4189 qui
1513 4116 1572 4172 in
1607 4115 1838 4180 latrinis
1865 4117 1967 4177 ibi.

763 4211 922 4271 565.
978 4211 1154 4287 Quod
1190 4219 1389 4272 autem
1424 4213 1707 4274 Amorem
1745 4218 1949 4278 mundi
1992 4205 2240 4291 attinet,
2294 4221 2346 4278 is
2384 4236 2549 4278 amor
2605 4235 2731 4278 non

601 4315 664 4371 in
698 4313 803 4373 tali
838 4311 1028 4390 gradu
1059 4320 1150 4373 est
1185 4316 1502 4392 oppositus
1542 4318 1728 4375 amori
1757 4317 2035 4395 coelesti,
2095 4322 2371 4396 quoniam
2401 4337 2518 4379 non
2557 4326 2732 4379 tanta
