3013 5114
615 408 723 459 314
1226 396 1321 449 DE
1366 394 1602 449 COELO
1648 395 1739 448 ET
1782 391 2113 448 INFERNO.

614 558 755 617 dum
793 558 1039 633 spiritus
1081 564 1178 614 est
1212 558 1269 614 in
1300 555 1697 615 exterioribus
1733 558 1888 631 suiS,
1930 561 2024 612 est
2058 556 2217 612 sicut
2254 553 2367 611 suit
2397 554 2458 611 in
2495 553 2739 629 mundo,

613 663 699 717 ita
737 659 892 716 sicut
929 657 1122 715 malus
1153 674 1285 714 cum
1322 656 1479 715 bono
1510 657 1612 730 ibi,
1652 673 1723 713 ac
1758 654 1951 714 bonus
1989 671 2123 713 cum
2161 652 2351 730 malo;
2392 652 2570 711 aliter
2602 671 2740 713 cum

616 766 709 818 est
745 762 803 816 in
834 759 1119 816 interiora
1146 775 1258 815 sua
1283 758 1502 829 illatus,
1543 774 1614 815 ac
1643 756 1890 816 relictus
1920 772 2070 814 suae
2098 762 2350 813 naturae
2377 771 2488 813 seu
2524 754 2738 813 volun-

615 862 745 917 tati.
828 857 1146 934 Separatio
1189 858 1477 917 bonorum
1515 877 1553 916 a
1588 857 1761 916 malis
1797 858 1865 915 fit
1888 859 2070 915 variis
2096 855 2315 929 modis,
2349 858 2740 914 communiter

615 977 728 1037 per
763 959 1242 1019 circumlationes
1281 959 1359 1017 ad
1392 959 1529 1017 illas
1566 961 1918 1029 societates,
1979 974 2114 1015 cum
2151 956 2369 1032 quibus
2408 958 2737 1014 communi·

617 1063 775 1120 catio
826 1060 1031 1117 suerat¹
1074 1078 1184 1136 per
1234 1062 1628 1136 cogitationes
1679 1066 1738 1116 et
1787 1058 2132 1118 affectiones
2186 1056 2375 1115 bonas
2427 1058 2487 1114 in
2541 1057 2741 1115 Primo

622 1168 824 1236 statu3
893 1168 952 1218 et
986 1162 1072 1220 sic
1115 1160 1193 1218 ad
1231 1160 1366 1219 illas
1404 1178 1555 1237 quas
1605 1159 1968 1219 induxerunt
2010 1156 2257 1217 credere
2308 1166 2420 1233 pei·
2469 1166 2744 1217 externas

622 1264 879 1339 species,
913 1261 1071 1335 quod
1106 1280 1221 1319 non
1252 1261 1393 1319 mali
1422 1269 1658 1320 essent:
1697 1267 1763 1319 ut
1794 1260 2116 1336 plurimum
2157 1258 2522 1317 circumferri
2549 1258 2747 1317 solent

618 1379 731 1438 per
778 1364 962 1420 latum
1006 1361 1242 1435 orbem,
1301 1369 1361 1420 et
1403 1361 1602 1419 ubivis
1648 1360 1883 1419 ostendi
1929 1359 2238 1436 spiritibus
2272 1358 2476 1426 bunia,
2534 1358 2747 1434 quales

619 1471 760 1520 sunt
798 1465 856 1520 in
909 1478 1007 1536 se;
1064 1462 1142 1520 ad
1180 1469 1490 1536 aspectum
1545 1479 1748 1520 eorum
1798 1468 1938 1520 tunc
1992 1461 2134 1519 boni
2168 1462 2413 1535 spiritus
2451 1476 2526 1530 ‚se
2564 1477 2744 1518 aver-

618 1569 783 1635 tunt,
847 1568 908 1619 et
945 1563 1101 1619 sicut
1139 1561 1223 1620 illi
1262 1579 1328 1619 se
1368 1570 1676 1636 avertunt,
1732 1564 1815 1619 ita
1853 1578 2092 1638 quoque
2130 1560 2271 1618 mali
2318 1561 2591 1635 spiritus,
2639 1560 2748 1635 qui

618 1662 1147 1735 circumferuntur,
1190 1671 1544 1720 avertuntur
1583 1663 1738 1722 facie
1777 1662 1853 1720 ab
1888 1663 2037 1735 illis,
2075 1661 2154 1723 ad
2190 1661 2463 1737 plagam,
2502 1660 2603 1719 ubi
2639 1676 2748 1719 so-

621 1763 810 1821 cietas
843 1778 1049 1820 eorum
1087 1763 1394 1823 infernalis
1432 1771 1555 1835 est,
1597 1766 1657 1821 in
1696 1780 1873 1840 quam
1909 1763 2163 1822 venturi.
2218 1760 2301 1822 Ut
2335 1768 2568 1821 taccam
2593 1760 2750 1820 alios

617 1865 1014 1940 separationis
1043 1862 1287 1937 modos,
1341 1866 1441 1940 qui
1478 1863 1685 1940 plures
1722 1869 1880 1923 sunt.

617 2034 738 2102 De
816 2033 1133 2103 Tertio
1221 2049 1461 2102 statu
1553 2032 1944 2102 hominis
2024 2048 2241 2129 post
2330 2046 2746 2116 mortem,

622 2133 772 2228 qui
858 2148 997 2202 est
1086 2147 1384 2201 status
1459 2132 2124 2205 instructionis
2195 2156 2507 2203 eorum
2587 2131 2750 2227 qui

1193 2233 1575 2302 veniunt
1641 2233 1727 2303 in
1784 2232 2164 2304 Coelum.

779 2365 939 2422 512.
1011 2363 1254 2424 Tertius
1301 2372 1494 2423 status
1532 2366 1785 2457 hominis
1821 2373 1964 2444 post
2006 2375 2292 2440 mortem,
2348 2383 2460 2424 seu
2497 2368 2752 2443 spiritus

619 2465 787 2543 ejus,
843 2471 936 2524 est
973 2473 1168 2525 status
1209 2469 1651 2543 instructioni53
1707 2467 1802 2526 hic
1840 2473 2034 2527 status
2076 2475 2169 2526 est
2204 2466 2323 2527 illis
2361 2469 2460 2544 qui
2500 2469 2556 2524 in
2590 2466 2754 2527 Coe-

616 2568 740 2628 lum
775 2569 1054 2642 veniunt,
1096 2574 1155 2627 et
1191 2569 1338 2627 fiunt
1377 2568 1622 2646 Angeli;
1679 2586 1798 2628 non
1835 2576 2036 2627 autem
2073 2569 2191 2629 illis
2230 2573 2330 2647 qui
2368 2571 2429 2627 in
2454 2570 2754 2629 infernum

617 2672 898 2743 veniunt,
959 2671 1234 2745 quoniam
1273 2669 1336 2728 hi
1372 2686 1489 2728 non
1524 2672 1737 2729 instrui
1782 2675 2066 2746 possunt,
2124 2688 2309 2746 quare
2366 2669 2582 2728 horum
2617 2675 2751 2729 sta·

618 2778 718 2828 tus
750 2768 1052 2828 secundus
1092 2777 1185 2828 est
1216 2787 1455 2847 quoque
1489 2772 1736 2845 tertius,
1777 2772 1877 2846 qui
1912 2771 2112 2829 finitur
2144 2773 2204 2829 in
2245 2787 2335 2845 eo,
2374 2768 2535 2847 quod
2568 2788 2753 2848 pror-

615 2885 724 2929 sus
762 2872 1038 2928 conversi
1080 2872 1199 2928 sint
1234 2871 1309 2928 ad
1362 2887 1536 2930 suum
1581 2889 1875 2946 amorem,
1932 2872 2017 2928 ita
2052 2870 2131 2929 ad
2167 2874 2519 2931 societatem
2561 2871 2751 2930 infer-

618 2968 846 3042 nalem,
905 2986 1058 3043 quae
1105 2971 1166 3027 in
1202 2972 1381 3029 simili
1423 2989 1626 3029 amore
1666 2978 1788 3045 est3
1844 2989 1976 3030 cum
2018 2971 2131 3031 hoc
2174 2972 2396 3031 factum
2434 2979 2557 3047 est,
2609 2978 2753 3035 tunc

621 3085 695 3128 ex
731 3085 935 3126 amore
961 3067 1066 3127 illo
1105 3068 1316 3129 volunt
1357 3078 1417 3128 et
1455 3074 1749 3148 cogitant3
1807 3080 1867 3132 et
1905 3075 2046 3149 quia
2081 3090 2251 3132 amor
2283 3072 2386 3132 ille
2432 3079 2527 3133 est
2559 3072 2749 3132 infer-

621 3166 805 3242 nalia,
875 3186 992 3226 non
1054 3168 1262 3227 volunt
1306 3172 1421 3227 nisi
1478 3189 1656 3247 quam
1695 3173 1950 3243 malum,
2029 3179 2089 3231 et
2142 3190 2261 3231 non
2315 3175 2580 3250 cogitant
2635 3174 2753 3233 nisi

623 3285 801 3347 quam
844 3268 1100 3339 salsum,
1151 3268 1303 3327 haec
1343 3270 1613 3344 jucunda
1661 3289 1868 3331 eorum
1917 3279 2086 3342 sunt,
2148 3275 2294 3351 quia
2340 3279 2483 3333 sunt
2528 3276 2749 3334 amoris

594 3388 861 3449 ,βοωπις
912 3388 984 3433 ac
1019 3370 1156 3430 inde
1197 3371 1473 3448 rejiciunt
1516 3388 1687 3431 omne
1722 3371 1944 3431 bonum
1993 3381 2054 3435 et
2091 3392 2335 3446 verum,
2387 3391 2543 3450 quae
2578 3377 2750 3453 prius

624 3472 1096 3548 adoptaverunt,
1154 3475 1295 3548 quia
1338 3474 1776 3531 inserviverant
1824 3478 2012 3534 amori
2046 3492 2159 3534 suo
2207 3492 2318 3551 pro
2354 3477 2588 3535 mediis.
2666 3476 2751 3535 At

620 3574 763 3633 boni
797 3576 1214 3649 perducuntur
1263 3591 1298 3632 a
1337 3581 1499 3633 statu
1538 3574 1802 3633 secundo
1838 3577 1899 3633 in
1934 3578 2208 3650 tertium,
2281 3578 2380 3652 qui
2421 3583 2618 3636 status
2658 3582 2750 3635 est

620 3670 1102 3749 praeparationis
1150 3675 1390 3733 illorum
1439 3675 1518 3734 ad
1566 3675 1799 3734 coelum
1857 3692 1970 3752 per
2016 3677 2502 3736 instructionem:
2575 3695 2748 3737 nemo

623 3772 776 3829 enim
814 3777 1165 3849 praeparari
1199 3782 1403 3851 potest
1439 3775 1516 3834 ad
1554 3777 1816 3852 coelum,
1855 3778 1970 3834 nisi
2017 3794 2194 3853 quam
2231 3794 2342 3853 per
2378 3781 2745 3854 cognitiones

621 3870 762 3928 boni
810 3881 869 3930 et
918 3877 1073 3943 veri,
1137 3876 1223 3931 ita
1271 3877 1385 3933 nisi
1439 3893 1788 3957 quam·per
1839 3879 2322 3954 instructionem3
2390 3896 2529 3937 nam
2576 3895 2748 3938 nemo

506 4031 520 4044 ,
620 3970 778 4028 scire
815 3977 1046 4047 potest,
1103 3971 1246 4048 quid
1285 3973 1506 4032 bonum
1550 3983 1612 4035 et
1660 3994 1869 4037 verum
1916 3977 2260 4055 spirituale,
2318 3985 2379 4037 et
2422 3978 2568 4055 quid
2615 3995 2747 4038 ma-

619 4068 744 4128 lum
783 4076 846 4128 et
876 4069 1128 4141 falsum,
1166 4088 1319 4146 quae
1356 4071 1476 4131 illis
1517 4079 1798 4151 opposita
1832 4084 2000 4152 sunt,
2038 4080 2153 4137 nisi
2188 4080 2554 4138 instruatur:
2609 4077 2749 4155 quid

620 4169 839 4229 bonum
879 4176 939 4230 et
976 4188 1186 4229 verum
1226 4171 1400 4231 civile
1438 4178 1499 4232 et
1549 4176 1803 4251 morale,
1862 4194 2020 4253 quae
2058 4178 2293 4256 justum
2342 4186 2403 4239 et
2449 4181 2748 4240 sincerum

621 4276 941 4346 vocantur,
999 4273 1139 4332 sciri
1173 4277 1376 4352 potest
1424 4275 1484 4332 in
1521 4274 1741 4335 mundo
1754 4322 1771 4353 7
1830 4280 1971 4355 quia
2017 4277 2100 4339 ibi
2135 4286 2276 4341 sunt
2307 4280 2476 4359 leges
2521 4279 2744 4354 civiles
