3013 5114
983 403 1079 457 DE
1119 403 1460 459 TEMPORE
1506 404 1577 456 IN
1627 358 1892 458 COELO}
2424 417 2490 467 87

377 565 602 642 possit3
643 562 955 622 dicebatur
992 565 1151 640 quod
1178 564 1473 623 Dominus
1513 570 1580 621 ut
1616 564 1720 623 Sol
1757 564 1892 623 talis
1923 569 2217 641 appareat
2243 542 2510 641 Angelis'

377 667 437 723 in
473 667 666 740 primo
708 681 915 723 eorum
963 670 1159 723 statu:
1215 671 1434 742 postea
1474 667 1667 723 visum
1718 672 1811 723 est
1853 683 2137 742 magnum
2167 665 2495 742 ⁸Cingulum

378 766 698 825 obscurum
737 766 958 824 circum
990 765 1222 838 Solem,
1272 784 1384 841 per
1420 765 1580 843 quod
1613 768 1868 841 primum
1907 766 2148 824 rutilum
2185 773 2245 825 et
2281 784 2491 826 corus-

379 884 544 938 cum,
592 884 667 923 ex
708 884 824 941 quo
863 873 1089 924 tantum
1128 867 1462 942 splenduit,
1513 868 1736 942 incepit
1769 867 2129 940 hebescere3
2184 866 2496 925 dicebatur

379 967 542 1042 quod
589 965 692 1025 sol
730 966 848 1024 illis
887 967 1022 1025 talis
1061 973 1358 1042 appareat
1406 969 1466 1025 in
1526 967 1714 1025 altero
1752 974 1942 1025 statu:
1996 967 2136 1025 dein
2169 969 2366 1025 visum
2403 975 2496 1026 est

381 1068 697 1144 Cingulum
747 1067 1179 1126 obscurescere
1219 1069 1441 1142 magiS‚
1501 1075 1562 1125 et
1597 1067 1702 1126 Sol
1746 1067 1884 1125 inde
1921 1069 2115 1125 minus
2150 1069 2365 1126 rutilus
2401 1069 2495 1125 vi-

378 1168 538 1240 deri,
584 1173 658 1226 et
699 1169 813 1225 hoc
851 1185 961 1244 per
1006 1169 1259 1243 gradus,
1325 1185 1520 1243 usque
1567 1149 1808 1226 tandem
1856 1175 1923 1224 ut
1972 1169 2167 1225 factus
2216 1169 2294 1226 sit
2338 1169 2496 1226 sicut

378 1269 668 1329 candidus
684 1289 699 1344 3
766 1268 1104 1337 dicebatur,
1166 1270 1325 1343 quod
1374 1269 1513 1326 talis
1563 1276 1856 1344 appareat
1902 1268 2019 1326 illis
2070 1266 2176 1326 Sol
2220 1270 2283 1325 in
2317 1270 2493 1327 tertio

379 1378 577 1428 statu:
634 1376 775 1445 post
809 1370 961 1427 haec
996 1371 1191 1427 visum
1232 1378 1323 1428 est
1365 1369 1682 1427 candidum
1716 1368 1866 1427 illud
1914 1368 2196 1444 progredi
2232 1367 2309 1425 ad
2344 1369 2491 1425 sini-

377 1477 569 1528 strum
608 1475 819 1529 versus
857 1470 1086 1527 Lunam
1118 1469 1316 1545 Coeli,
1359 1477 1418 1528 et
1455 1471 1586 1547 ejus
1623 1471 1831 1528 lumini
1868 1486 1935 1528 se
1973 1469 2220 1540 addere,
2262 1486 2337 1527 ex
2376 1485 2492 1544 quo

378 1577 521 1630 tunc
558 1571 731 1628 Luna
767 1570 925 1633 ultra
964 1570 1203 1628 modum
1241 1570 1653 1646 exsplenduit3
1696 1570 2003 1629 dicebatur
2039 1569 2198 1646 quod
2233 1569 2294 1627 id
2332 1576 2497 1628 esset

379 1679 630 1747 quartus
669 1676 861 1729 status
892 1670 1010 1729 illis
1050 1674 1151 1751 qui
1185 1673 1245 1728 in
1280 1671 1489 1746 Regno
1530 1670 1823 1744 coelesti,
1874 1677 1933 1730 et
1966 1672 2198 1746 primus
2235 1669 2353 1729 illis
2393 1672 2495 1746 qui

375 1774 437 1831 in
488 1771 698 1847 Regno
749 1772 1072 1846 spirituali;
1151 1779 1209 1829 et
1252 1771 1411 1847 quod
1459 1774 1818 1830 mutationes
1869 1778 2063 1828 status
2121 1772 2184 1828 in
2239 1777 2493 1846 utroque

366 1856 591 1948 “Regno
629 1874 713 1929 ita
748 1875 914 1931 vices
956 1872 1253 1929 alternent
1267 1892 1282 1946 3
1342 1877 1403 1929 at
1437 1889 1555 1929 non
1595 1874 1655 1929 in
1694 1878 1849 1941 toto,
1900 1871 2008 1929 sed
2045 1872 2106 1927 in
2140 1887 2261 1927 una
2294 1872 2492 1929 socie-

376 1980 502 2031 tate
544 1980 688 2048 post
724 1973 1006 2048 altera1n3
1064 1979 1186 2029 tum
1228 1971 1384 2046 quod
1423 1973 1588 2031 vices
1627 1970 1769 2029 illae
1813 1988 1931 2028 non
1966 1976 2161 2027 statae
2200 1972 2347 2043 sint,
2386 1968 2495 2028 sed

378 2076 814 2149 superveniant
847 2076 1042 2131 serius
1081 2079 1187 2130 aut
1222 2075 1396 2131 citius
1432 2073 1552 2129 illis
1588 2071 2009 2129 nescientibus
2098 2070 2286 2128 Porro
2327 2069 2493 2128 dice-

375 2174 554 2249 bant,
610 2173 768 2249 quod
805 2173 911 2233 Sol
948 2177 1007 2231 in
1043 2190 1110 2232 se
1147 2192 1265 2232 non
1299 2176 1385 2231 ita
1432 2178 1725 2245 mutetur,
1783 2189 1891 2230 nec
1940 2174 2023 2229 ita
2058 2170 2496 2248 progrediatur,

377 2274 490 2333 sed
528 2275 686 2350 quod
723 2292 912 2349 usquc
950 2277 1035 2333 ita
1072 2282 1369 2349 appareat
1422 2273 1752 2332 secundum
1800 2279 2065 2332 statuum
2110 2274 2493 2331 successivas

375 2377 834 2452 progressiones
866 2375 1029 2451 apud
1066 2375 1235 2443 illos,
1289 2377 1571 2450 quoniam
1610 2374 1903 2432 Dominus
1940 2375 2234 2431 unicuivis
2272 2389 2491 2432 secun-

376 2476 518 2534 dum
552 2474 726 2551 quale
768 2476 898 2551 ejus
935 2482 1129 2533 status
1168 2483 1440 2550 apparet,
1478 2476 1564 2531 ita
1597 2473 1810 2531 rutilus
1846 2473 1962 2531 illis
1995 2491 2127 2530 cum
2162 2474 2223 2530 in
2258 2474 2494 2530 intenso

375 2596 578 2635 amore
634 2584 803 2651 sunt,
866 2578 1060 2635 minus
1106 2577 1351 2649 rutilus,
1418 2583 1477 2633 et
1525 2573 1765 2632 tandem
1812 2572 2100 2631 candidus
2152 2589 2288 2631 cum
2330 2589 2496 2630 amor

376 2678 646 2736 decedit:
705 2684 764 2735 et
800 2673 959 2752 quod
1002 2675 1180 2753 quale
1231 2694 1435 2735 eorum
1487 2681 1681 2732 status
1718 2678 2236 2749 repraesentatum
2271 2674 2351 2730 sit
2384 2688 2495 2747 per

380 2778 697 2854 Cingulum
745 2779 1093 2851 obscurum,
1165 2776 1328 2851 quod
1379 2774 1504 2835 Soli
1554 2781 1918 2851 apparentes
1955 2774 2092 2833 illas
2128 2773 2493 2831 variationes

376 2879 575 2954 quoad
611 2880 907 2936 flammam
946 2886 1005 2937 et
1041 2877 1237 2936 lucem
1274 2876 1616 2935 inducebat.

540 3008 568 3062 1
590 3007 697 3063 60.
761 3004 1014 3079 Quando
1043 3004 1262 3080 Angeli
1288 3006 1347 3061 in
1376 3010 1540 3061 statu
1578 3003 1787 3060 ultimo
1816 3007 1970 3071 sunt,
2009 3002 2110 3078 qui
2140 3004 2233 3058 est
2260 2998 2496 3075 quando

373 3108 439 3164 in
475 3123 584 3164 suo
620 3108 898 3181 propri0,
946 3106 1234 3181 incipiunt
1269 3106 1484 3162 maesti
1519 3102 1648 3161 fieri
1662 3122 1677 3177 3
1716 3102 2000 3177 loquutus
2036 3118 2168 3159 sum
2206 3117 2338 3157 cum
2378 3099 2496 3157 illis

379 3206 616 3282 quando
655 3208 715 3263 in
750 3203 852 3264 illo
891 3213 1052 3263 statu
1092 3211 1296 3274 erant,
1351 3210 1412 3262 et
1448 3205 1809 3261 maestitiam
1844 3201 1993 3275 vidi;
2049 3201 2157 3259 sed
2199 3200 2492 3273 dicebant,

377 3308 539 3382 quod
571 3310 632 3364 in
669 3324 778 3382 spe
817 3308 934 3364 sint
976 3306 1135 3381 quod
1171 3306 1337 3363 brevi
1372 3304 1624 3363 redituri
1672 3306 1732 3361 in
1750 3304 2080 3379 -pristinum
2118 3308 2372 3373 statum,
2438 3305 2498 3356 et

377 3409 467 3466 sic
503 3410 676 3483 quasi
712 3410 926 3466 iterum
962 3409 1021 3465 in
1061 3406 1337 3479 Ocelum,
1394 3424 1534 3463 nam
1590 3403 1840 3463 Coelum
1885 3402 2003 3459 illis
2042 3408 2136 3459 est
2172 3400 2424 3458 detineri
2460 3416 2499 3455 a

373 3511 639 3585 proprio.

542 3637 569 3690 1
592 3636 702 3691 61.
777 3632 928 3692 Sunt
966 3635 1145 3691 etiam
1192 3634 1253 3690 in
1299 3632 1557 3691 Infernis
1594 3634 1789 3687 status
1827 3628 2221 3699 mutationeS,
2277 3622 2387 3683 sed
2422 3622 2498 3682 de

373 3735 497 3793 illis
531 3735 721 3807 infra,
760 3733 862 3791 ubi
899 3734 973 3792 de
1008 3734 1277 3804 Infern0,
1314 3732 1564 3791 dicetur.

816 4030 822 4038 ἢ
877 3928 1003 3996 De
1060 3929 1493 4021 Tempore
1548 3922 1637 3993 in
1692 3918 1992 3992 Coelo,

539 4087 700 4144 162.
755 4085 1157 4162 Quantumvis
1209 4085 1407 4142 omnia
1453 4081 1787 4142 succedunt
1836 4087 1897 4140 et
1935 4078 2396 4157 progrediuntur
2440 4078 2502 4135 in

379 4184 567 4245 Coelo
619 4188 776 4246 sicut
823 4189 882 4245 in
932 4185 1180 4260 mundo,
1235 4201 1427 4260 usque
1490 4189 1688 4242 tamen
1741 4181 1991 4259 Angelis
2045 4181 2212 4240 nulla
2243 4180 2406 4239 notio
2444 4183 2505 4236 et

376 4286 518 4347 idea
574 4290 865 4365 temporis
919 4293 978 4345 et
1017 4287 1199 4363 spatii
1244 4291 1369 4359 est,
1429 4290 1489 4344 et
1534 4287 1654 4343 tam
1709 4282 1903 4355 nulla,
1962 4286 2030 4341 ut
2081 4296 2329 4359 prorsus
2384 4294 2502 4336 non
