3013 5114
563 415 673 468 224
781 386 790 392 ’
1166 399 1260 454 DE
1304 396 1538 453 coeno
1582 396 1676 453 ET
1714 394 2047 451 INFERNO.

562 569 764 643 niupt,
815 562 1155 639 percipiunt
1207 558 1371 618 clare
1422 557 1581 635 quod
1632 555 1990 634 conjugium
2028 571 2161 613 cum
2196 551 2469 629 pluribus
2509 569 2688 628 quam

565 680 701 725 cum
737 682 858 721 una
897 664 1191 719 internum
1234 676 1438 717 eorum
1490 658 1767 731 claudat,
1839 663 1899 715 et
1950 655 2134 713 faciat
2178 661 2246 712 ut
2294 653 2428 712 loco
2466 655 2686 712 amoris

513 762 522 775 ⁸
564 763 917 843 conjugialis
954 779 1020 819 se
1058 761 1275 845 inferat
1316 777 1481 817 amor
1518 754 1822 831 lasciviae,
1863 758 1967 833 qui
1993 772 2161 814 amor
2186 754 2430 812 abducit
2456 771 2493 811 a
2528 752 2689 814 Coe-

565 867 625 925 lo
659 860 767 946 (q).
825 863 1053 921 Dicunt
1078 877 1257 937 porro
1289 859 1450 936 quod
1472 859 1650 917 homo
1677 875 1857 934 aegre
1884 858 1997 915 hoc
2025 854 2512 931 comprehendat,
2549 856 2691 930 quia

497 960 504 969 ⁴
566 968 749 1043 pauci
784 969 924 1022 sunt
961 964 1060 1039 qui
1107 963 1166 1019 in
1215 962 1472 1036 genuino
1528 975 1730 1017 amore
1769 956 2087 1036 conjugiali
2123 961 2302 1030 sunt,
2372 960 2432 1013 et
2481 957 2582 1031 qui
2627 956 2688 1013 in

566 1066 672 1126 illo
708 1083 826 1125 non
863 1069 1033 1130 sunt,
1085 1078 1333 1137 prorsus
1370 1060 1516 1118 nihil
1552 1061 1749 1118 sciunt
1785 1059 1859 1117 de
1894 1059 2159 1117 interiori
2186 1056 2490 1134 jucundo,
2531 1056 2692 1131 quod

569 1171 631 1226 in
667 1166 768 1224 ino
809 1180 1010 1222 amore
1051 1168 1172 1230 est,
1225 1161 1335 1219 sed
1360 1161 1553 1220 solum
1592 1160 1666 1218 de
1699 1159 1964 1237 jucundo
2001 1159 2321 1230 lasciviae,
2379 1156 2542 1232 quo'd
2586 1157 2690 1233 ju-

572 1267 828 1327 cundum
867 1266 1117 1321 vertitur
1157 1264 1215 1319 in
1253 1260 1643 1337 injucundum
1698 1267 1838 1336 post
1872 1259 2117 1319 brevem
2156 1257 2686 1333 cohabitationem3

574 1375 635 1426 at
677 1365 1010 1443 jucundum
1056 1365 1275 1420 amoris
1323 1379 1464 1419 vere
1520 1361 1872 1438 conjugialis
1920 1377 2039 1418 non
2087 1359 2279 1418 solum
2329 1364 2563 1434 perstat
2616 1357 2693 1417 ad

575 1472 880 1527 senectam
918 1466 978 1522 in
1016 1463 1233 1542 mundo
1253 1506 1269 1536 ‚
1327 1461 1432 1520 sed
1486 1463 1663 1520 etiam
1702 1461 1768 1519 fit
1797 1460 2129 1538 jucundum
2168 1458 2338 1519 Coeli
2370 1464 2510 1535 post
2556 1459 2689 1518 obi-

574 1577 731 1639 tum,
792 1571 851 1624 et
900 1569 1041 1621 tunc
1090 1564 1357 1621 interiori
1402 1562 1671 1639 jucundo
1707 1563 2016 1638 impletur,
2071 1561 2232 1637 quod
2273 1558 2580 1637 perficitur
2629 1563 2692 1619 in

577 1674 907 1727 aeternum.
995 1662 1294 1720 Dixorunt
1344 1665 1551 1738 etiam,
1611 1663 1770 1740 quod
1825 1662 2228 1722 beatitudines
2283 1663 2502 1720 amoris
2548 1679 2693 1723 vere

580 1764 933 1844 conjugialis
965 1765 1199 1841 possint
1227 1766 1562 1823 enumerari
1599 1764 1672 1822 ad
1710 1764 1888 1840 plura
1916 1763 2118 1833 millia,
2158 1779 2412 1846 quarum
2444 1780 2520 1822 ne
2559 1767 2691 1840 qui-

579 1869 714 1937 dem
752 1884 873 1924 una
900 1865 1120 1923 homini
1162 1870 1302 1923 nota
1338 1870 1459 1938 est,
1514 1881 1626 1923 nec
1677 1865 1983 1924 intellectu
2031 1862 2454 1939 comprehendi
2492 1871 2703 1941 potest

578 1968 655 2026 ab
696 1968 928 2044 aliquo,
987 1966 1085 2041 qui
1123 1983 1240 2024 non
1276 1967 1336 2022 in
1375 1966 1650 2042 conjugio
1687 1966 1829 2024 boni
1866 1973 1925 2024 et
1965 1966 2094 2025 veri
2132 1970 2226 2022 est
2266 1981 2304 2023 a
2338 1962 2610 2026 Domino,

741 2069 901 2128 380.
958 2066 1143 2125 Amor
1195 2065 1439 2124 dominii
1486 2068 1661 2125 unius
1709 2082 1892 2142 super
1937 2065 2192 2124 alterum
2242 2081 2492 2143 prorsus
2543 2067 2698 2127 tollit

581 2186 845 2227 amorem
890 2165 1316 2242 conjugialem,
1375 2172 1436 2225 et
1480 2167 1612 2243 ejus
1669 2166 1932 2225 coeleste
1982 2166 2345 2243 jucundum,
2409 2183 2576 2238 nam,
2629 2174 2697 2228 ut

588 2285 773 2345 supra
810 2266 1031 2325 dictum
1075 2271 1197 2334 est,
1251 2283 1417 2325 amor
1458 2266 1811 2343 conjugialis
1863 2271 1922 2325 et
1959 2266 2089 2343 ejus
2126 2267 2456 2344 jucundum
2493 2271 2694 2329 consi-

580 2371 684 2427 stit
733 2370 794 2426 in
841 2383 915 2429 eo
930 2410 949 2440 ,
1004 2374 1070 2424 ut
1109 2367 1285 2425 unius
1322 2366 1603 2426 voluntas
1652 2368 1730 2426 sit
1765 2367 2049 2437 alteriuS,
2117 2373 2176 2426 et-
2221 2367 2335 2427 hoc
2384 2374 2589 2429 mutuo
2638 2375 2698 2428 et

575 2471 841 2529 vicissim
853 2486 869 2544 3
924 2465 1038 2526 hoc
1075 2484 1242 2525 amor
1277 2466 1521 2527 dominii
1560 2469 1619 2526 in
1659 2468 1950 2544 conjugio
1989 2467 2266 2543 destruit,
2322 2486 2460 2528 nam
2506 2468 2697 2529 domi-

582 2588 733 2634 nans
764 2572 898 2630 vult
931 2576 998 2627 ut
1044 2585 1156 2628 sua
1189 2569 1468 2628 voluntas
1505 2570 1638 2629 sola
1674 2572 1753 2628 sit
1790 2571 1848 2627 in
1885 2570 2101 2644 alteru,
2162 2577 2222 2629 et
2257 2572 2566 2648 reciproce
2601 2571 2695 2630 al-

580 2674 772 2731 terius
808 2674 868 2730 in
903 2676 1097 2729 semet
1130 2669 1330 2740 nulla,
1379 2670 1518 2729 inde
1553 2687 1670 2729 non
1705 2676 2009 2747 mutuum,
2063 2671 2313 2747 proinde
2342 2671 2511 2731 nulla
2537 2688 2699 2732 com-

521 2770 554 2832 ’,
587 2774 912 2830 municatio
966 2769 1221 2848 alicujus
1272 2772 1490 2832 amoris
1548 2777 1609 2829 et
1661 2772 1790 2847 ejus
1835 2770 2088 2847 jucundi
2142 2788 2276 2829 cum
2338 2772 2560 2848 altero,
2641 2777 2702 2832 et

581 2873 846 2930 vicissim
856 2892 874 2946 3
913 2887 1069 2945 quae
1098 2876 1300 2929 tamen
1330 2872 1786 2930 communicatio
1822 2877 1883 2929 et
1909 2872 2044 2930 inde
2078 2873 2411 2948 conjunctio
2440 2880 2536 2932 est
2566 2874 2702 2950 ipsa

547 2972 827 3029 ‘interior
879 2969 1259 3046 jucunditaS,
1335 2987 1489 3046 quae
1546 2969 1856 3029 beatitudo
1915 2980 2195 3049 vocatur,
2270 2974 2329 3032 in
2392 2974 2694 3051 conjugi03

581 3086 749 3128 amor
803 3069 1046 3129 dominii
1084 3067 1238 3127 hanc
1274 3069 1734 3142 beatitudinem,
1789 3077 1849 3130 et
1899 3089 2032 3131 cum
2067 3073 2172 3132 illa
2217 3066 2411 3135 omne'
2438 3074 2700 3134 coeleste

583 3179 646 3232 et
685 3169 998 3247 spirituale
1034 3167 1195 3227 illius
1245 3173 1464 3229 amoris
1517 3188 1765 3249 prorsus
1808 3176 2163 3251 exstinguit,
2222 3191 2410 3251 usque
2449 3173 2599 3234 adeo
2634 3179 2702 3232 ut

529 1135 558 1153 J

735 3384 825 3455 (q)
880 3384 1168 3461 Quoniam
1209 3384 1452 3439 Maritus
1508 3395 1565 3439 et
1615 3387 1776 3440 Uxor
1819 3403 1992 3439 unum
2035 3396 2237 3450 erunt,
2301 3396 2359 3439 et
2410 3383 2700 3439 cohabita·

578 3461 727 3513 bunt
768 3460 825 3513 in
867 3458 1074 3514 intimo
1117 3461 1301 3524 vitae,
1350 3472 1408 3516 et
1447 3461 1583 3533 quia
1624 3461 1844 3515 faciunt
1885 3462 2057 3514 simul
2097 3479 2274 3514 unum
2317 3461 2597 3534 Angelum
2640 3460 2700 3513 in

582 3536 797 3601 Coelo,
865 3536 1021 3608 quod
1064 3535 1196 3590 ideo
1237 3554 1401 3591 amor
1444 3555 1585 3591 vere
1626 3537 1970 3609 coniugialis
2023 3555 2141 3589 non
2184 3537 2393 3612 dabilis
2436 3538 2511 3591 sit
2550 3537 2702 3591 inter

580 3630 758 3680 imum
801 3613 1071 3666 maritum
1114 3623 1172 3667 et
1213 3614 1409 3685 plures
1451 3630 1681 3676 uxorem,
1727 3631 1793 3665 n:
1839 3621 2009 3673 1907.
2043 3620 2212 3674 2740.
2295 3612 2460 3678 Quod
2500 3613 2700 3685 plures

505 3727 510 3732 .
579 3704 789 3739 uxores
831 3687 1001 3741 simul
1041 3688 1383 3745 ducere.sit
1436 3700 1640 3743 contra
1695 3687 1974 3741 Ordinem
2017 3690 2324 3755 Divinum,
2379 3706 2447 3740 n:
2494 3697 2703 3750 10837.

582 3761 749 3825 Quod
791 3763 1135 3835 Conjugium
1172 3783 1289 3817 non
1332 3766 1405 3818 sit
1432 3765 1543 3818 nisi
1573 3764 1743 3818 unius
1779 3765 1970 3817 mariti
2000 3775 2058 3817 et
2083 3764 2250 3817 unius
2285 3764 2505 3829 uxoria,
2549 3767 2704 3819 clare

580 3838 943 3908 percipiatur
969 3840 1042 3892 ab
1084 3840 1201 3892 illis
1230 3841 1415 3912 quiin
1457 3842 1659 3913 Regno
1698 3840 1950 3894 Coelesti
1987 3840 2219 3894 Domini
2263 3852 2414 3904 sunt,
2460 3858 2527 3893 n:
2572 3849 2702 3902 865.

582 3919 754 3974 3246.
798 3920 967 3973 9002.
1014 3923 1234 3981 10172;
1276 3931 1462 3984 caus-14„
1482 3927 1588 3980 est,
1633 3916 1766 3988 quia
1803 3916 2006 3988 Angeli
2045 3915 2129 3968 ibi
2164 3917 2225 3969 in
2258 3916 2533 3990 conjugio
2560 3917 2703 3970 boni

582 3997 641 4041 et
679 3989 805 4041 veri
850 3999 1014 4053 sunt,
1057 4003 1129 4044 n:
1174 3997 1342 4050 3246.
1425 3983 1591 4054 Quod
1633 3992 1979 4063 permissum
2033 3991 2215 4046 fuerit
2265 3993 2422 4064 genti
2477 3992 2704 4047 Isra'e'li-

580 4063 729 4117 ticae
768 4063 968 4134 plures
1007 4082 1216 4117 uxores
1258 4065 1491 4130 ducere,
1536 4078 1593 4120 et
1631 4066 1702 4120 ad
1741 4084 1952 4121 uxores
1985 4067 2300 4141 adjungere
2327 4068 2705 4132 concubinae,

582 4157 701 4192 non
739 4149 929 4192 autem
972 4139 1345 4206 ChristianiS,
1410 4158 1581 4195 causa
1622 4153 1748 4196 erat
1806 4144 1942 4216 quia
1995 4144 2149 4197 Gens
2211 4144 2310 4199 illa
2352 4145 2411 4197 in
2452 4144 2706 4199 externis

582 4215 802 4287 absque
842 4214 1084 4269 internis
1126 4228 1267 4279 erat,
1313 4217 1624 4271 Christiani
1665 4228 1859 4272 autem
1890 4230 2135 4292 possunt
2178 4236 2302 4273 esse
2345 4221 2406 4273 iu
2438 4220 2704 4286 internis,

584 4292 663 4345 ita
705 4292 763 4344 in
806 4289 1079 4365 conjugio
1119 4292 1258 4345 boni
1304 4304 1359 4346 et
1403 4294 1560 4358 veri,
1607 4312 1670 4345 n:
1717 4303 1883 4355 3246.
1928 4303 2095 4357 4837.
2144 4303 2309 4356 8809.
