3013 5114
566 427 636 476 70
1199 413 1294 466 DE
1339 412 1577 467 COELO
1620 413 1714 465 ΕΤ
1755 412 2087 466 INFERNO.

564 578 637 635 de
691 575 949 633 Domino
966 617 985 648 ,
1048 570 1185 632 Hic
1232 578 1325 632 est
1377 569 1536 632 Luoe
1590 592 1768 648 vera,
1839 592 2000 652 quae
2053 568 2386 632 illuminat
2444 589 2686 635 omnem

562 673 891 747 hominem,
936 673 1089 733 Joh:
1128 673 1190 732 I:
1234 677 1293 732 4.
1345 676 1403 731 9.
1458 671 1755 752 Populus
1781 674 1892 752 qui
1918 672 2092 734 sedet
2116 671 2188 733 in
2213 672 2499 748 tenebris,
2542 672 2683 735 Lu-

562 795 690 838 cem
728 792 1032 855 maynam
1070 772 1279 845 vidi&
1329 777 1390 833 et
1430 771 1605 848 illis,
1659 772 1772 852 qui
1803 774 2099 835 sedebant
2135 774 2206 834 in
2247 775 2473 836 umbra
2512 794 2683 837 mor-

564 877 684 952 tis,
740 875 898 936 Luat
924 880 1149 935 exorta
1189 878 1314 950 est,
1368 874 1593 934 Matth:
1645 874 1763 934 IV:
1813 879 1920 935 16.
1984 874 2178 936 Dabo
2227 875 2318 937 Te
2356 876 2426 935 in
2442 875 2685 955 foedus

551 976 815 1058 populi,
874 977 944 1036 in
992 973 1229 1036 Lucem
1281 975 1601 1056 yentium,
1627 979 1664 1029 ‘f
1725 977 1899 1054 Esaj:
1957 976 2163 1035 XLII:
2220 981 2277 1035 6.
2362 974 2687 1038 Constitui

569 1077 660 1139 Te
703 1079 771 1138 in
827 1076 1065 1137 Lucem
1112 1075 1431 1156 pontium,
1495 1084 1571 1138 ut
1619 1077 1715 1137 sis
1755 1074 1938 1137 salus
1981 1096 2122 1137 mea
2179 1096 2377 1158 usque
2427 1075 2518 1137 ad
2566 1096 2683 1138 εω-

563 1179 946 1240 tremitatem
988 1182 1208 1251 terrae,
1260 1178 1434 1255 Esaj:
1486 1178 1726 1238 XLIX:
1790 1181 1848 1236 6.
1920 1177 2152 1239 Gentes
2191 1197 2352 1257 quae
2396 1184 2685 1239 servatae

563 1277 974 1341 ambulabunt
1019 1276 1109 1337 ad
1148 1276 1386 1338 Luce-m
1431 1277 1690 1356 IpsiuS,
1770 1280 1967 1355 Apoc:
2032 1279 2221 1338 XXI:
2291 1282 2402 1337 24.
2493 1276 2687 1340 Mitte

565 1378 763 1442 lucem
808 1385 987 1439 tuam
1032 1382 1092 1437 et
1144 1379 1472 1439 veritatem
1525 1384 1735 1447 tuam,
1797 1377 1951 1439 illae
1993 1379 2219 1439 ducent
2269 1398 2396 1453 me,
2447 1379 2683 1437 Psalm:

564 1481 802 1540 XLIII:
859 1482 933 1539 3:
996 1483 1056 1537 in
1103 1479 1194 1537 his
1240 1481 1388 1538 locis
1442 1485 1501 1538 et
1539 1482 1597 1537 in
1639 1480 1772 1538 aliis
1809 1481 2104 1540 Dominus
2148 1487 2397 1538 vocatur
2435 1480 2566 1537 Lux
2606 1497 2682 1538 ex

561 1582 780 1639 Divino
820 1580 1013 1653 Vero,
1058 1579 1217 1654 quod
1255 1598 1330 1639 ex
1367 1579 1528 1656 IpSO,
1568 1583 1794 1656 pariter
1829 1584 2028 1657 ipsum
2064 1600 2270 1640 verum
2310 1580 2523 1639 dicitur
2557 1581 2682 1638 lux.

564 1681 861 1757 Quoniam
899 1680 1213 1738 aDomino
1252 1686 1318 1737 ut
1343 1680 1484 1740 Sole
1515 1681 1646 1738 Lux
1682 1689 1773 1740 est
1801 1684 1858 1740 in
1896 1683 2100 1757 coelis,
2139 1682 2272 1741 ideo
2312 1699 2444 1739 cum
2477 1689 2677 1739 trans-

561 1783 851 1839 formatus
889 1798 1087 1839 coram
1123 1782 1323 1854 Petr0,
1365 1781 1599 1840 ,Iacobo
1630 1789 1690 1840 et
1717 1782 2015 1852 Johanne‚
2049 1782 2282 1843 Facies
2308 1781 2534 1860 Ipsius
2563 1801 2682 1860 ap-

556 1882 782 1961 paruit
822 1880 987 1941 sicut
1033 1878 1178 1950 Sol,
1233 1888 1292 1942 et
1353 1882 1728 1943 vestimenta
1778 1882 2004 1963 Ipsius
2056 1885 2224 1944 sicut
2273 1882 2451 1952 Lux,
2494 1900 2678 1942 coru-

560 1964 813 2042 scantia
852 1988 911 2042 et
952 1980 1234 2042 candida
1262 1988 1332 2042 ut
1368 1983 1508 2057 πίω,
1549 1981 1771 2062 qualia
1805 2004 1929 2044 non
1952 1986 2166 2064 potest
2195 1981 2372 2063 fullo
2408 1982 2479 2042 in
2509 1988 2682 2042 terra

562 2081 871 2152 dealbare,
922 2084 1114 2142 Marc:
1152 2082 1275 2141 IX:
1334 2086 1391 2143 3.
1447 2084 1672 2142 Matth:
1720 2084 1932 2144 XVII:
1977 2090 2011 2144 2
2035 2107 2051 2161 3
2103 2085 2261 2161 quod
2298 2085 2676 2143 Vestimenta

559 2184 800 2242 Domini
835 2186 919 2240 ita
954 2186 1376 2259 apparuerim,
1432 2192 1592 2258 erat,
1645 2188 1789 2268 quia
1822 2185 2359 2262 repraesentabant
2393 2186 2680 2242 Divinum

561 2284 787 2342 Verum
825 2282 983 2359 quod
1021 2283 1094 2341 ab
1130 2283 1273 2359 Ipso
1310 2286 1370 2341 in
1410 2284 1641 2359 Coelis;
1680 2285 1903 2345 Vestes
1942 2289 1999 2345 in
2036 2287 2241 2347 Verbo
2270 2288 2449 2344 etiam
2488 2287 2677 2362 signi-

561 2384 743 2442 fleant
771 2401 916 2442 vera
946 2380 1062 2465 (ii);
1120 2384 1277 2442 unde
1317 2384 1534 2444 dicitur
1571 2387 1732 2463 apud
1768 2387 2083 2464 Davidem,
2144 2385 2473 2463 „Jehovah
2510 2385 2679 2446 ami-

560 2484 656 2545 cz‘s
706 2482 796 2545 Te
833 2482 970 2546 luce
1010 2484 1178 2546 sicut
1204 2489 1385 2561 veste,
1401 2489 1436 2519 “
1476 2487 1710 2545 Psalm:
1768 2487 1940 2547 CIV:
1990 2492 2068 2566 2.

722 2608 880 2666 130.
944 2606 1120 2683 Quod
1166 2606 1299 2664 Lux
1349 2608 1411 2664 in
1460 2607 1660 2666 Coelis
1699 2609 2029 2685 spiritualis
2082 2612 2188 2685 sit,
2260 2618 2321 2668 et
2367 2608 2528 2686 quod
2572 2608 2678 2666 illa

555 2709 689 2767 Lux
725 2710 804 2767 sit
836 2708 1122 2767 Divinum
1163 2703 1420 2777 Verum,
1474 2708 1750 2767 concludi
1786 2712 1964 2768 etiam
2002 2717 2203 2787 potest
2240 2726 2310 2769 ex
2349 2727 2450 2776 00,
2517 2708 2675 2785 quod

555 2808 779 2867 homini
815 2825 1054 2890 quoque
1105 2810 1182 2866 sit
1235 2807 1364 2865 Lux
1419 2810 1785 2883 spiritualiS,
1842 2816 1901 2868 et
1953 2811 2111 2886 quod
2158 2830 2228 2870 ex
2280 2811 2385 2868 illa
2428 2809 2563 2868 luce
2617 2811 2673 2867 ei

558 2908 874 2966 illustratio
913 2910 989 2965 sit
1037 2917 1318 2983 quantum
1357 2911 1416 2966 in
1452 2908 1847 2985 intelligentia
1886 2919 1945 2969 et
1982 2914 2281 2988 sapientia
2319 2919 2410 2970 est
2448 2927 2523 2968 cx
2559 2910 2675 2968 Di-

556 3010 693 3066 vino
732 3008 929 3067 Vero:
984 3009 1118 3066 Lux
1154 3009 1485 3082 spiritualis
1526 3009 1781 3069 hominis
1833 3018 1925 3069 est
1972 3012 2076 3070 lux
2124 3012 2466 3070 intellectus
2522 3010 2673 3087 ejuS,

559 3107 731 3185 cujus
770 3107 1008 3184 objecta
1042 3114 1183 3166 sunt
1230 3126 1406 3181 vera,
1475 3128 1631 3185 quae
1681 3112 1740 3168 in
1782 3111 2019 3170 ordines
2057 3113 2353 3189 analytice
2392 3111 2674 3187 disponit,

554 3210 615 3265 in
657 3210 921 3267 rationes
977 3209 1224 3279 format,
1293 3217 1351 3265 01
1408 3228 1483 3269 ex
1542 3210 1660 3269 illis
1717 3229 1816 3271 res
1870 3215 1926 3270 in
1977 3216 2133 3272 serie
2190 3213 2489 3273 concludit
2527 3208 2675 3291 (kk).

709 3462 805 3527 (ii)
849 3460 1013 3526 Quod
1052 3465 1257 3514 Vestes
1288 3461 1346 3513 in
1384 3462 1596 3515 Verbo‘
1627 3463 1951 3533 significent
1985 3482 2144 3528 vera,
2190 3465 2325 3537 quia
2361 3463 2677 3516 investium

556 3538 807 3602 bonum,
870 3556 937 3591 n:
985 3547 1150 3599 1073·
1194 3547 1361 3598 2576-
1403 3546 1570 3599 5248-
1602 3547 1769 3599 5319.
1820 3547 1989 3600 5954.
2033 3550 2202 3601 9210.
2251 3549 2418 3601 9952.
2466 3547 2671 3599 10536.

557 3613 719 3677 Quod
767 3619 969 3668 Vestes
1006 3615 1236 3668 Domini
1274 3633 1402 3667 cum
1434 3615 1876 3669 transformatus
1908 3617 2361 3688 significaverint
2401 3616 2678 3669 Divinum

556 3692 776 3741 Verum
820 3690 1144 3760 procedens
1188 3709 1254 3743 ex
1296 3691 1511 3743 Divino
1554 3708 1753 3744 amore
1794 3692 2015 3763 IpsiuS,
2059 3712 2126 3746 n:
2172 3702 2342 3753 9212.
2387 3700 2554 3753 9216.

711 3783 837 3849 (kk)
883 3783 1063 3848 Quod·
1094 3786 1215 3837 Lux
1267 3785 1415 3837 coeli
1462 3785 1750 3838 illuminet
1788 3786 2141 3841 intellectum
2182 3788 2465 3851 hominis,
2511 3785 2680 3859 ‘quod

555 3858 687 3910 ideo
730 3859 903 3911 homo
958 3860 1260 3912 rationalis
1308 3861 1413 3922 sit,
1476 3878 1544 3912 n:
1608 3868 1775 3921 1524.
1832 3871 2001 3923 3138,
2060 3873 2224 3924 3167.
2278 3872 2448 3924 4408.
2503 3870 2674 3923 6608.

554 3942 723 3993 8707.
768 3942 935 3994 9126.
987 3944 1155 3995 9399.
1207 3942 1411 3994 10569.
1496 3935 1686 4000 Quod·
1717 3938 2046 3993 intellectus
2109 3941 2472 4002 illustretur,
2538 3939 2672 4010 quia

554 4019 639 4062 est
682 4010 973 4079 recipiens
1024 4010 1185 4074 veri,
1253 4027 1320 4061 n:
1382 4018 1549 4072 6222.
1601 4021 1767 4073 6608.
1825 4023 2030 4076 10659.
2114 4016 2286 4092 Quod
2347 4015 2677 4068 intellectus

555 4085 913 4148 illustretur,
977 4096 1252 4158 quantum
1293 4085 1469 4139 homo
1511 4088 1726 4160 recipit
1778 4108 1980 4144 verum
2023 4092 2081 4144 in
2122 4092 2283 4145 bono
2328 4109 2358 4144 0
2397 4091 2672 4154 Domine,

552 4179 619 4214 n:
665 4168 832 4220 3619.
916 4158 1081 4227 Quod
1123 4161 1451 4216 intellectus
1493 4164 1624 4218 talis
1666 4165 1772 4229 sit,
1817 4168 2007 4237 qualia
2050 4178 2182 4221 sunt
2215 4185 2355 4221 vera
2389 4185 2457 4220 ex
2489 4166 2673 4228 bono,

552 4255 584 4288 0
624 4238 837 4309 quibus
866 4237 1169 4302 formatum
1213 4255 1282 4290 n:
1327 4246 1532 4301 10064.
1599 4243 1769 4318 Quod
1801 4243 2130 4297 Intellectui
2169 4245 2242 4298 sit
2275 4245 2371 4297 lux
2413 4261 2444 4296 e
2481 4242 2674 4304 coelo,

554 4313 700 4366 sicut
744 4313 889 4368 visui
930 4315 1025 4368 lux
1081 4331 1112 4368 0
1166 4313 1413 4380 1110οᾶ0,
1480 4335 1544 4370 n:
1605 4325 1773 4379 1524.
1815 4326 1983 4381 5114.
2037 4327 2206 4381 6608.
2252 4327 2417 4381 9128.
2502 4315 2677 4395 Quod

1873 4462 1902 4485 0
