3013 5114
356 412 528 479 QUID
549 409 738 467 IGNIS
765 411 1215 478 INFERNALIS,
1258 414 1351 468 ET
1388 410 1562 493 QUID
1598 415 1904 471 STRIDOR
1935 415 2277 473 DENTIUM.
2361 430 2467 483 35⁹
2560 406 2566 412 ’

349 573 539 632 libero
577 569 750 631 alluit
786 572 864 631 ad
897 588 1074 632 suum
1121 574 1452 644 infernum,
1505 591 1577 634 ac
1611 577 1826 649 intrat,
1879 584 2020 636 tunc
2056 579 2314 653 primurn
2358 597 2468 640 ex-

356 675 575 750 cipitur
610 675 831 744 amice,
873 672 1125 734 credens
1161 676 1249 734 sic
1287 675 1449 751 quod
1471 675 1628 735 inter
1662 679 1885 736 amicos
1922 678 2179 753 venerit,
2219 678 2331 738 sed
2354 679 2473 741 hoc

349 778 591 851 perstat
626 771 802 832 modo
837 792 949 851 per
975 774 1203 851 aliquot
1228 775 1408 834 horas
1424 795 1441 852 3
1477 776 1712 835 interea
1737 777 2083 855 exploratur
2111 779 2273 854 quali
2302 787 2471 839 astu-

350 876 437 933 tia
473 868 594 947 est,
651 879 714 933 et
757 874 896 934 inde
951 874 1116 950 quali
1151 875 1356 936 valore
1375 895 1393 952 ;
1451 893 1571 952 quo
1613 876 1923 953 explorato
1966 878 2257 957 incipiunt
2300 879 2472 947 illum

350 976 665 1049 infestare,
718 981 779 1033 et
813 975 929 1035 hoc
974 977 1156 1034 variis
1194 976 1410 1051 medie,
1468 992 1540 1035 ac
1575 980 1921 1037 successive
1957 980 2153 1039 acrius
2190 986 2251 1040 et
2286 981 2471 1040 vehe-

350 1076 609 1134 mentius
622 1118 639 1148 ,
698 1075 858 1152 quod
907 1077 974 1135 fit
1007 1093 1119 1151 per
1166 1076 1663 1136 introductionem
1713 1079 1963 1139 interius
2010 1086 2071 1138 et
2113 1068 2469 1156 profundius

348 1177 412 1235 in
444 1174 780 1250 Infernum,
836 1195 975 1235 nam
1023 1193 1142 1252 quo
1183 1178 1435 1241 interius.
1487 1184 1549 1237 et
1593 1178 1949 1254 profundius
1997 1178 2112 1254 ibi,
2179 1196 2251 1239 eo
2297 1180 2472 1243 mali..

349 1279 588 1352 gniores
624 1277 872 1352 spiritus
926 1282 1104 1335 sunt:
1155 1283 1299 1354 post
1343 1278 1758 1339 infestationes
1803 1280 2096 1355 incipiunt
2137 1282 2375 1364 saevire
2410 1282 2471 1339 in

347 1376 514 1435 illum
554 1393 666 1452 per
704 1393 966 1453 paenas,
1007 1384 1067 1436 et
1104 1377 1221 1438 hoc
1256 1395 1449 1462 usque
1487 1379 1629 1438 dum
1662 1378 1941 1439 redactus
1979 1386 2074 1440 est
2104 1382 2168 1438 in
2207 1396 2467 1441 servum.

353 1475 477 1536 Sed
513 1479 657 1554 quia
684 1477 774 1536 ibi
810 1478 1383 1558 continue'rebelles
1417 1486 1617 1540 motus
1660 1481 1952 1551 existunt,
1989 1482 2269 1558 quoniam
2306 1484 2472 1557 quis-

352 1595 473 1654 que
510 1579 593 1637 ibi
628 1577 765 1636 vult
797 1580 1092 1637 maximus
1122 1594 1292 1649 esse,
1342 1587 1403 1640 et
1438 1588 1645 1640 contra
1679 1580 1830 1661 alios
1867 1581 2003 1641 odio
2036 1582 2279 1659 flagrat,
2331 1581 2473 1640 inde

355 1680 498 1737 novi
536 1678 826 1755 insultus,
878 1682 968 1739 sic
1018 1695 1140 1738 una
1184 1696 1368 1739 scena
1405 1687 1674 1740 mutatur
1713 1683 1775 1740 in
1814 1681 2095 1756 alteram,
2152 1699 2339 1758 quare
2387 1681 2475 1741 illi

349 1780 452 1855 qui
487 1779 648 1837 servi
691 1779 836 1840 facti
871 1785 1013 1840 sunt
1049 1781 1423 1852 eximuntur,
1474 1788 1542 1840 ut
1574 1786 1889 1858 praestent
1923 1798 2101 1859 opem
2138 1800 2297 1843 novo
2337 1785 2470 1842 cui-

349 1878 486 1937 dam
523 1878 761 1939 diabolo
798 1881 876 1940 ad
904 1879 1348 1959 subjugandum
1385 1880 1567 1954 alios,
1622 1888 1762 1940 tunc
1797 1880 1885 1940 illi
1922 1884 2025 1958 q'ui
2059 1898 2127 1941 se
2165 1899 2283 1941 non
2319 1882 2468 1942 sub-

324 1976 624 2053 mittunt,
683 1986 744 2039 et
779 1981 856 2040 ad
892 1987 1101 2041 nutum
1142 1982 1444 2051 serviunt,
1494 1983 1710 2041 iterum
1748 1983 1928 2041 variis
1963 1982 2156 2041 modis
2192 1984 2471 2042 crucian-

347 2085 476 2153 tur,
534 2085 596 2139 et
635 2082 722 2140 sic
759 2084 1056 2165 continue.
1141 2081 1326 2141 Tales
1372 2083 1674 2143 cruciatus
1725 2087 1867 2142 sunt
1901 2082 2203 2142 cruciatus
2240 2082 2474 2153 inferni,

346 2182 450 2256 qui
492 2179 658 2257 Ignis
696 2181 1004 2242 msernalis
1042 2188 1348 2243 vocantur.
2225 2246 2227 2248 ,

509 2281 668 2341 575.
725 2281 958 2343 Stridor
993 2291 1194 2343 autem
1240 2283 1503 2342 dentium
1554 2289 1648 2343 est
1698 2285 1981 2344 continua
2015 2283 2373 2361 disceptatio
2414 2291 2473 2343 et

344 2398 551 2458 pugna
593 2381 883 2442 falsorum
922 2385 1077 2442 inter
1111 2400 1209 2457 se,
1275 2383 1526 2458 proinde
1567 2383 1806 2443 illorum
1856 2386 1957 2459 qui
1998 2386 2061 2442 in
2104 2383 2276 2442 falsis
2312 2392 2471 2454 sunt,

348 2481 668 2557 conjuncta
702 2499 940 2557 quoque
969 2498 1105 2540 cum
1139 2487 1445 2540 contemtu
1479 2481 1766 2555 aliorum,
1800 2483 2137 2554 inimicitia,
2174 2483 2469 2556 irrisione,

347 2580 852 2655 subsannatione,
919 2580 1467 2657 blasphematione,
1544 2598 1700 2657 quae
1748 2599 1988 2664 quoque
2041 2586 2361 2658 erumpunt
2410 2583 2472 2639 in

347 2680 771 2740 dilaniationes
818 2683 969 2740 varii
1019 2683 1289 2757 generis3
1346 2683 1603 2758 quisque
1649 2684 1807 2741 enim
1843 2699 1954 2758 pro
2001 2697 2113 2741 suo
2158 2681 2313 2740 falso
2348 2700 2469 2757 pu·
2543 2749 2564 2761 s

347 2786 526 2858 gnat,
589 2786 650 2840 et
697 2780 840 2841 dicit
884 2799 1111 2842 verum.
1199 2781 1334 2841 Hae
1383 2781 1851 2858 disceptationes
1897 2788 1958 2842 et
2007 2797 2248 2859 pugnae
2300 2786 2474 2841 extra

344 2881 452 2941 illa
485 2881 720 2941 inferna
770 2883 1090 2942 audiuntur
1136 2883 1294 2941 sicut
1340 2881 1629 2960 stridores
1676 2882 1968 2958 dentium;
2025 2888 2086 2942 et
2135 2898 2374 2958 quoque
2409 2884 2471 2941 in

345 2981 635 3042 stridores
676 2982 940 3042 dentium
986 2988 1298 3042 vertuntur
1339 2998 1474 3041 cum
1523 3000 1668 3042 vera
1716 3000 1750 3043 e
1786 2982 1959 3043 coelo
2005 2981 2148 3042 illuc
2193 2983 2465 3041 influunt.

343 3082 415 3142 In
464 3085 538 3142 iis
592 3082 852 3143 Infernis
906 3089 1048 3143 sunt
1098 3100 1305 3143 omnes
1348 3082 1464 3158 illi,
1521 3084 1625 3159 qui
1670 3088 2045 3159 agnoverunt
2090 3088 2362 3142 naturam
2410 3090 2471 3143 et

342 3190 719 3261 negaverunt
780 3184 1102 3259 Divinum,
1175 3186 1237 3243 in
1296 3183 1785 3260 profundioribus
1845 3181 1929 3244 ibi
1982 3185 2085 3261 qui
2142 3199 2209 3242 se
2270 3186 2332 3241 in
2392 3200 2466 3243 eo

345 3284 880 3344 confirmaverunt:
935 3285 1024 3344 illi
1052 3286 1194 3361 quia
1229 3284 1377 3344 nihil
1415 3283 1567 3344 lucis
1605 3302 1638 3344 e
1675 3283 1847 3344 coelo
1882 3287 2138 3361 possunt
2174 3284 2467 3361 recipere,

348 3389 410 3444 et
447 3385 587 3444 inde
620 3384 769 3443 nihil
797 3384 1005 3448 videre
1033 3388 1195 3446 intus
1234 3386 1295 3444 in
1333 3402 1432 3459 se,
1487 3383 1626 3443 ideo
1662 3384 1938 3460 plerique
1976 3381 2293 3441 sensuales
2330 3397 2466 3443 cor-

344 3488 517 3561 porei
552 3490 720 3560 sunt,
772 3487 873 3562 qui
908 3492 1051 3545 sunt
1076 3487 1179 3562 qui
1203 3485 1350 3544 nihil
1386 3482 1666 3553 credunt,
1719 3500 1899 3566 quam
1938 3480 2101 3565 quod
2142 3480 2333 3542 oculis
2369 3483 2466 3540 vi-
2541 3537 2548 3538 ff

343 3584 488 3643 dent
523 3591 585 3644 et
620 3586 895 3644 manibus
931 3589 1183 3663 tangunt
1194 3604 1211 3660 3
1265 3584 1404 3645 inde
1450 3599 1658 3642 omnes
1703 3583 1983 3642 fallaciae
2023 3597 2310 3642 sensuum
2348 3580 2468 3641 illis
2571 3630 2578 3633 .

344 3688 488 3744 sunt
525 3700 707 3753 vera,
744 3700 818 3743 ex
845 3684 1060 3760 quibus
1098 3686 1278 3743 etiarn
1316 3683 1685 3760 disceptant:
1742 3698 1818 3743 ex
1854 3699 1927 3743 eo
1966 3686 2092 3752 est,
2142 3680 2305 3760 quod
2338 3681 2467 3742 dis-

346 3787 721 3861 ceptationes
768 3784 1009 3843 illorum
1057 3783 1376 3842 audiantur
1422 3785 1579 3842 sicut
1631 3782 1919 3843 stridores
1966 3782 2264 3858 dentium,
2328 3799 2468 3842 nam

344 3887 543 3945 omnia
577 3884 733 3945 falsa
767 3886 828 3943 in
863 3885 1084 3943 mundo
1114 3884 1412 3959 spirituali
1446 3881 1725 3957 strident,
1766 3890 1827 3943 et
1861 3882 2071 3943 dentes
2107 3899 2468 3961 correspon-

344 3985 487 4045 dent
518 3985 745 4046 ultimis
771 3986 834 4044 in
867 3991 1112 4061 natura,
1156 3990 1215 4043 et
1244 4000 1482 4061 quoque
1511 3983 1737 4044 ultimis
1766 3983 1929 4062 apud
1953 3983 2271 4059 hominem,
2309 4000 2468 4061 quae

215 4141 228 4151 .
343 4092 486 4145 sunt
519 4085 827 4147 sensualia
862 4102 1154 4163 corporea
1185 4080 1295 4167 (ll).
1355 4083 1535 4163 Quod
1570 4085 1633 4143 in
1658 4083 1916 4170 Infernis
1953 4087 2033 4145 sit
2067 4084 2285 4144 stridor
2320 4082 2468 4142 den-

501 4299 595 4366 (ll)
638 4301 722 4352 Dc
766 4298 1308 4371 correspondentia
1351 4297 1632 4366 dentium,
1677 4317 1748 4357 n:
1793 4305 1940 4361 5565
1975 4296 2046 4352 ad
2074 4303 2242 4358 5568.
2305 4291 2471 4359 Quod
