3013 5114
582 439 691 491 346
1193 427 1286 480 DE
1332 425 1571 481 COELO
1615 423 1711 479 ET
1749 421 2084 480 INFERNO.

579 591 770 660 ciant,
821 586 981 663 quod
1017 586 1223 646 lumen
1261 592 1354 646 est
1391 587 1554 646 sicut
1595 583 1799 644 lumen
1837 583 2147 660 exvignitis
2196 579 2596 652 carbonibus,
2652 589 2714 643 et

580 689 804 750 alicubi
833 688 993 746 sicut
1019 705 1094 746 ex
1130 687 1424 765 sulphure
1456 686 1704 745 ardente
1717 705 1737 760 ς
1792 684 1903 744 sed
1939 685 2120 743 etiam
2160 683 2274 742 hoc
2314 681 2519 741 lumen
2557 701 2708 743 ver·

580 793 724 850 titur
760 791 820 848 in
855 805 1081 847 meram
1119 789 1463 865 caliginem,
1519 805 1652 847 cum
1691 785 1835 846 illuc
1879 802 1912 844 e
1950 783 2134 844 Coelo
2172 783 2397 859 aliquid
2432 783 2584 843 lucis
2612 786 2713 842 in-

582 892 742 949 fluit:
803 889 942 948 inde
994 896 1116 963 est,
1174 889 1333 965 quod
1366 890 1600 949 inferna
1653 888 1927 947 dicantur
1961 888 2022 944 in
2056 885 2310 971 caligine
2348 869 2408 943 et
2443 883 2709 943 tenebris

583 1007 751 1067 esse3
820 996 881 1048 et
926 990 1086 1065 quod
1128 988 1321 1066 caligo
1355 997 1431 1049 ·et
1485 989 1770 1049 tenebrae
1822 986 2157 1063 significent
2201 976 2360 1044 fals’a
2405 1003 2481 1044 ex
2527 984 2706 1058 male,

583 1090 788 1168 qualia
824 1098 962 1149 sunt
1003 1094 1062 1149 in
1097 1091 1349 1150 inferno,

744 1194 905 1252 554.
968 1193 1057 1250 Ex
1107 1193 1395 1268 inspectis
1445 1190 1564 1250 illis
1618 1191 1820 1250 formis
1866 1189 2222 1247 monstrosis
2281 1187 2604 1262 spirituum
2649 1187 2713 1244 in

578 1293 867 1367 Infernis‚
909 1310 1094 1368 quae,
1142 1299 1208 1349 ut
1245 1292 1464 1350 dictum
1502 1284 1627 1365 est,
1680 1306 1886 1351 omnes
1928 1295 2068 1347 sunt
2104 1289 2329 1347 formae
2370 1288 2709 1346 contemtile

583 1394 867 1466 aliorum,
910 1411 981 1452 ac
1020 1395 1307 1450 minarum
1344 1399 1553 1451 contra
1586 1392 1724 1452 illos
1761 1395 1863 1468 qui
1905 1407 1974 1448 se
2014 1406 2131 1448 non
2165 1389 2460 1448 honorant
2497 1393 2559 1446 et
2600 1405 2712 1446 ve-

583 1500 899 1569 nerantur3
956 1501 1077 1550 tum
1105 1494 1327 1559 formae
1365 1493 1635 1551 odiorum
1675 1499 1738 1551 et
1773 1491 2166 1551 vindictarum
2197 1496 2404 1549 contra
2435 1488 2573 1555 illos
2605 1490 2713 1564 qui

585 1594 701 1653 eibi
747 1611 864 1652 non
903 1594 1137 1660 favent,
1177 1595 1402 1668 patuit,
1444 1593 1605 1669 quod
1642 1610 1848 1652 omnes
1887 1595 1948 1650 in
1984 1608 2203 1667 genere
2234 1596 2440 1649 essent
2478 1589 2710 1648 formae

582 1695 824 1754 Amoris
854 1695 948 1751 sui
979 1702 1039 1751 et
1073 1693 1312 1751 Amoris
1356 1693 1562 1752 mundi
1574 1714 1591 1770 3
1649 1700 1709 1753 et
1744 1691 1904 1769 quod
1945 1692 2132 1765 mala,
2172 1707 2424 1767 quorum
2459 1691 2709 1765 specia-

581 1795 672 1853 les
709 1794 936 1852 formae
974 1800 1130 1866 suut,
1181 1811 1254 1852 ex
1286 1794 1406 1852 illis
1434 1794 1588 1853 binis
1618 1794 1942 1854 Amoribus
1979 1809 2122 1851 suas
2160 1793 2419 1867 origines
2449 1789 2708 1848 ducant:

583 1896 807 1955 dictum
843 1912 1084 1971 quoque
1122 1895 1266 1953 mihi
1305 1903 1397 1954 est
1449 1914 1481 1954 e
1522 1895 1736 1971 Coelo,
1790 1901 1850 1953 et
1886 1910 2126 1971 quoque
2160 1908 2273 1969 per
2308 1891 2556 1950 multam
2594 1907 2708 1949 ex-

581 1997 935 2074 perientiam
963 2002 1250 2055 testatum
1292 1997 1512 2055 sactum
1554 2003 1666 2065 est,
1703 1995 1863 2072 quod
1897 1994 2021 2053 bini
2055 1993 2142 2052 illi
2176 1992 2454 2067 Amores,
2490 2007 2712 2066 nempe

584 2097 770 2157 Amor
807 2098 905 2154 sui
955 2102 1016 2155 et
1066 2096 1254 2154 Amor
1293 2097 1526 2170 mundi,
1590 2103 1844 2172 regnent
1888 2097 1964 2153 in‘
1998 2093 2293 2165 Infernis,
2356 2099 2417 2155 et
2464 2108 2710 2169 quoque

582 2198 806 2255 faciant
839 2195 1108 2269 Inferna3
1149 2213 1219 2253 ac
1258 2196 1625 2270 quod-Amor
1651 2200 1712 2254 in
1740 2197 2060 2256 Dominum
2091 2201 2151 2254 et
2177 2194 2365 2254 Amor
2392 2196 2537 2269 erga
2560 2209 2709 2270 pro-

579 2297 801 2355 ximum
829 2301 1082 2370 regnent
1110 2297 1171 2352 in
1203 2295 1419 2369 Coelis,
1462 2304 1522 2355 et
1550 2315 1786 2372 quoque
1815 2298 2038 2356 faciant
2074 2294 2325 2355 Coelos:
2379 2300 2504 2354 tum
2545 2292 2709 2370 quod

585 2395 673 2455 illi
708 2396 834 2455 bini
866 2394 1139 2470 AmoreS,
1180 2398 1449 2472 quisunt
1484 2398 1739 2457 Amores
1777 2397 2007 2472 inferni,
2050 2413 2121 2455 ac
2156 2395 2244 2455 illi
2278 2396 2402 2455 bini
2427 2395 2707 2468 AmoreS,

585 2498 683 2575 qui
721 2502 862 2556 sunt
895 2495 1151 2556 Amores
1191 2496 1388 2572 Coeli,
1449 2500 1568 2557 sint
1609 2497 1731 2557 <sibi
1766 2517 1798 2559 e
1837 2498 2126 2559 diametro
2164 2498 2444 2575 oppositi.

749 2600 908 2659 555.
988 2598 1251 2657 Primum
1290 2602 1538 2658 miratus
1584 2617 1745 2673 sum,
1801 2599 1958 2659 unde
1994 2600 2142 2669 hoc,
2195 2598 2356 2681 quod
2388 2599 2576 2657 Amor
2616 2598 2716 2655 sui
2815 2579 2820 2590 ⁴

584 2707 646 2759 et
678 2693 869 2760 Amor
902 2699 1105 2758 mundi
1143 2707 1262 2758 tam
1292 2700 1571 2759 diabolici
1606 2702 1754 2775 sint,
1814 2709 1872 2759 et
1911 2699 2070 2776 quod
2096 2702 2138 2759 ii
2167 2701 2272 2777 qui
2305 2701 2367 2757 in
2399 2698 2519 2758 illis
2547 2703 2710 2772 sunt,

584 2801 732 2860 talia
778 2808 1047 2859 monstra
1097 2801 1174 2859 ad
1228 2809 1541 2877 aspectum
1592 2802 1741 2876 sint,
1798 2804 2076 2876 quoniam
2126 2802 2187 2858 in
2231 2800 2451 2860 mundo
2494 2815 2713 2875 parum

581 2903 914 2960 reflectitur
949 2917 1133 2976 super
1173 2919 1435 2960 amorem
1485 2905 1612 2970 sui,
1665 2901 1773 2960 sed
1822 2918 2005 2978 super
2053 2902 2371 2961 elationem
2420 2900 2603 2958 animi
2647 2900 2714 2958 in

586 3004 880 3074 externis,
923 3018 1075 3075 quae
1112 3001 1398 3077 superbia
1422 3010 1690 3078 vocatur,
1735 3020 1893 3079 quae
1924 3004 2065 3079 quia
2101 3009 2355 3078 apparet
2380 2999 2458 3059 ad
2491 3002 2711 3073 visum,

586 3100 782 3160 solum
835 3117 1001 3158 amor
1051 3104 1147 3159 sui
1198 3119 1334 3160 esse
1385 3103 1651 3161 creditur
1667 3123 1681 3177 3
1739 3110 1798 3162 et
1847 3112 2167 3179 praeterea
2214 3118 2383 3161 amor
2427 3102 2550 3175 sui,
2610 3101 2714 3176 qui

583 3218 702 3260 non
738 3218 803 3259 se
840 3203 923 3259 ita
961 3199 1157 3274 effert,
1206 3204 1267 3259 in
1297 3202 1520 3261 mundo
1558 3203 1822 3262 creditur
1859 3220 1996 3263 esse
2030 3205 2185 3280 ignis
2221 3204 2416 3278 vitae,
2469 3219 2545 3270 ex
2584 3217 2710 3278 quo

583 3302 760 3362 homo
799 3304 1093 3362 excitatur
1128 3302 1205 3361 ad
1248 3302 1595 3361 ambiendae
1642 3304 2010 3375 functiones,
2065 3310 2124 3364 et
2161 3303 2238 3362 ad
2281 3301 2713 3381 praestandum

587 3421 768 3478 usne,
826 3407 887 3463 in
924 3403 1138 3480 quibus
1175 3406 1291 3464 nisi
1334 3402 1512 3463 homo
1562 3402 1851 3464 honorem
1895 3411 1955 3464 et
1989 3405 2240 3483 gloriam
2273 3403 2510 3479 videat,
2573 3404 2712 3462 ani-

586 3523 718 3565 mus
771 3507 902 3585 ejus
950 3509 1265 3581 torpescit3
1323 3504 1561 3577 dicunt,
1620 3508 1752 3581 quis
1800 3505 2028 3584 ahquid
2078 3505 2353 3581 dignum,
2417 3504 2599 3577 utile,
2648 3508 2712 3563 et

589 3606 975 3666 memorabile
1010 3606 1185 3681 fec-it,
1224 3608 1341 3666 nisi
1376 3613 1444 3666 ut-
1479 3606 1556 3665 ab
1587 3606 1756 3681 aliis,
1808 3614 1914 3666 aut
1948 3608 2007 3665 in
2036 3606 2289 3665 aliorum
2325 3607 2556 3680 animis,
2602 3621 2710 3665 ce-

584 3706 855 3767 lebretur
891 3712 951 3766 et
984 3706 1342 3778 honoretur,
1397 3713 1456 3766 et
1504 3707 1662 3766 unde
1700 3706 1818 3767 hoc
1866 3709 1976 3767 nisi
2029 3725 2106 3767 ex
2151 3708 2288 3784 igne
2337 3707 2557 3766 amoris
2593 3722 2708 3783 pro

589 3806 783 3881 gloria
823 3815 884 3867 et
921 3806 1178 3884 honore,
1239 3814 1679 3884 consequenter
1714 3825 1825 3885 pro
1874 3825 1973 3867 se:
2038 3805 2177 3866 inde
2216 3813 2344 3879 est,
2395 3805 2555 3884 quod
2589 3821 2712 3865 non

587 3907 811 3964 sciatur
846 3910 906 3964 in
957 3908 1205 3982 mundo,
1270 3908 1428 3983 quod
1478 3925 1646 3969 amor
1689 3910 1784 3968 sui
1832 3910 1893 3966 in
1937 3923 2005 3968 se
2062 3914 2374 3984 spectatus
2417 3909 2497 3967 sit
2546 3923 2715 3965 amor

589 4006 693 4081 qui
748 4011 961 4081 regnat
1020 4007 1081 4063 in
1144 4008 1399 4082 infern0‚
1473 4015 1535 4067 et
1594 4010 1778 4067 faciat
1830 4009 2123 4068 infernum
2179 4008 2340 4085 apud
2392 4008 2714 4068 hominem.

506 4163 513 4168 ι
591 4105 748 4181 Quia
782 4107 867 4163 ita
904 4120 971 4163 se
1007 4120 1104 4163 res
1141 4104 1357 4180 habet,
1412 4105 1592 4164 velim
1635 4112 1894 4183 primum
1933 4109 2309 4185 describere,
2367 4109 2518 4186 quid
2545 4124 2714 4168 amor

587 4208 712 4282 sui,
770 4213 831 4266 et
877 4205 1015 4265 dein
1056 4202 1214 4281 quod
1260 4205 1335 4265 ab
1385 4204 1490 4266 illo
1541 4224 1742 4267 amore
1802 4214 2001 4270 omnia
2049 4210 2210 4270 mala
2258 4216 2317 4269 et
2370 4209 2508 4271 inde
2557 4207 2715 4268 falsa

584 4309 929 4368 scaturiant.
