3013 5114
548 439 617 491 44
672 460 675 463 ¹
1156 426 1253 482 DE
1293 425 1528 483 COELO
1580 427 1674 480 ΕΤ
1713 422 2051 481 INFERNO.
2114 435 2118 439 ’

545 589 742 664 homo,
779 586 979 646 ideam
1015 587 1249 646 animae
1283 603 1434 646 suae
1474 603 1630 662 quae
1668 587 1902 645 victura
1936 589 2081 662 post
2106 587 2361 642 mortem
2395 581 2554 658 quod
2595 584 2676 641 sit

549 691 706 748 sicut
741 686 993 764 angelus
1008 730 1026 760 ,
1093 692 1153 746 et
1187 688 1384 746 ideam
1432 688 1594 746 vitae
1634 686 1788 746 coeli
1837 685 1999 763 apud
2044 683 2344 745 hominem
2393 683 2559 760 quod
2593 684 2675 742 sit

545 792 751 849 vivere
787 787 1115 846 secundum
1154 795 1484 864 praecepta
1519 787 1770 863 Divina3
1809 787 1919 845 hos
1955 787 2159 862 itaque
2197 783 2420 861 Angeli
2454 787 2675 842 vocant

545 888 950 965 intelligentes
982 893 1042 947 et
1069 889 1547 948 accommodatos
1587 888 1789 963 coe10,
1841 887 1977 946 illos
2014 891 2217 945 autem
2253 886 2518 945 vicissim
2554 901 2674 943 non

549 988 974 1067 intelligentes,

1363 1141 1871 1150 —————----—-—-

551 1286 829 1354 Collecta
881 1308 963 1352 ecc
1015 1291 1363 1350 Ancnms
1420 1290 1966 1352 Connns'rlnus
2022 1290 2100 1350 de
2144 1287 2433 1349 Domino
2478 1294 2537 1349 et
2596 1287 2675 1347 de

726 1376 731 1380 ⁴
1154 1389 1405 1451 Divino
1454 1388 1765 1452 Humano
1807 1390 2049 1471 Ipsius.

719 1529 889 1606 Quod
949 1528 1197 1582 Domino
1251 1527 1527 1580 Divinum
1582 1527 1760 1580 suerit
1817 1544 1882 1578 ex
1938 1525 2068 1595 Ipsa
2130 1525 2547 1598 conceptione,
2605 1544 2679 1579 nt

549 1613 724 1666 4641.
764 1612 933 1665 4963.
984 1611 1150 1663 5041.
1195 1610 1364 1661 5157.
1404 1612 1571 1663 6716.
1602 1611 1810 1664 10125.
1891 1601 2062 1677 Quod
2107 1603 2358 1655 Domino
2402 1602 2511 1654 soli
2552 1601 2673 1656 fue·

548 1682 629 1733 rit
673 1697 870 1733 semen
913 1679 1220 1742 Divinum,
1279 1696 1345 1729 n:
1392 1687 1559 1739 1438.
1642 1679 1814 1756 Quod
1880 1676 2077 1728 Anima
2131 1677 2320 1748 Ipsius
2363 1677 2543 1731 fuerit
2581 1680 2672 1732 Je-

550 1756 774 1817 hovah,
841 1773 908 1806 ¹¹²
956 1763 1121 1813 1999.
1167 1761 1334 1813 2004.
1378 1763 1545 1814 2005.
1592 1763 1762 1814 2018.
1807 1761 1977 1813 2025.
2060 1753 2231 1829 Quod
2285 1754 2367 1806 sic
2410 1753 2679 1806 intimum

549 1831 785 1884 Domini
828 1830 1007 1882 fuerit
1046 1830 1240 1900 Ipsum
1285 1830 1594 1893 Divinum,
1663 1841 1720 1884 et
1761 1829 1920 1902 quod
1966 1829 2213 1882 induitio
2256 1847 2287 1882 a
2325 1839 2540 1892 matre,
2601 1847 2672 1881 n:

551 1915 719 1968 5041.
804 1906 971 1984 Quod
1018 1907 1210 1976 Ipsum
1242 1905 1514 1959 Divinum
1556 1906 1737 1960 fuerit
1781 1908 1919 1959 Esse
1961 1905 2114 1957 vitae
2156 1905 2414 1970 Domini,
2461 1923 2528 1958 ex
2556 1922 2673 1978 quo

549 1986 871 2035 Humanum
917 1982 1050 2035 dein
1093 1981 1302 2045 exivit,
1349 1993 1403 2036 et
1446 1982 1659 2036 sactum
1704 1993 1790 2036 est
1826 1981 2087 2035 Existerc
2132 1999 2199 2034 ex
2240 1981 2343 2033 illo
2389 1983 2559 2044 Esse,
2602 1997 2677 2033 n:

552 2066 720 2121 3194.
761 2066 928 2117 3210.
968 2066 1174 2118 10370.
1216 2066 1422 2117 10372·

709 2133 881 2210 Quod
924 2135 1074 2186 intra
1116 2135 1465 2197 Ecclesiam,
1512 2134 1612 2186 ubi
1657 2143 1744 2186 est
1786 2132 2081 2194 Verbum,
2126 2143 2184 2185 et
2223 2149 2332 2204 per
2375 2131 2433 2185 id
2474 2131 2674 2184 Domi·

557 2229 664 2263 nus
706 2217 911 2272 notus,
958 2227 1074 2260 non
1116 2208 1441 2279 negandum
1487 2209 1560 2262 sit
1602 2209 1876 2262 Divinum
1921 2208 2188 2273 Domini,
2253 2226 2358 2261 nec
2402 2209 2676 2262 Sanctum

555 2283 882 2356 procedens
923 2284 995 2336 ab
1054 2286 1222 2352 lpse,
1269 2293 1436 2344 2359.
1503 2285 1614 2363 Qui
1660 2303 1777 2336 non
1818 2295 2140 2356 agnoscunt
2174 2283 2481 2337 Dominum
2527 2283 2677 2336 intra

560 2360 895 2423 Ecclesiam,
940 2360 1099 2430 quod
1143 2359 1226 2411 eis
1267 2378 1386 2412 non
1428 2361 1501 2412 sit
1543 2361 1881 2427 conjunctio
1925 2378 2055 2413 cum
2087 2360 2331 2427 Divin03
2374 2359 2545 2412 aliter
2574 2358 2674 2431 qui

555 2447 714 2490 extra
759 2436 1077 2489 Ecclesiam
1120 2446 1281 2499 sunt,
1326 2456 1394 2489 n:
1441 2444 1648 2496 10205.
1732 2436 1903 2515 Quod
1938 2437 2243 2490 essentiale
2280 2435 2571 2489 Ecclesiae
2602 2435 2677 2489 sit

551 2530 869 2587 agnoscere
934 2512 1207 2567 Divinum
1267 2502 1498 2566 &mini
1557 2523 1613 2567 et
1666 2513 1987 2567 unitionem
2048 2512 2235 2585 Ipsius
2289 2529 2416 2564 cum
2480 2513 2673 2575 Patre,

552 2609 618 2643 n:
677 2598 883 2650 10083.
937 2598 1144 2650 10112.
1197 2597 1402 2650 10370.
1459 2598 1665 2650 10728.
1712 2598 1918 2650 10730.
1972 2598 2175 2649 10816.
2221 2595 2428 2649 10817.
2468 2595 2673 2648 10818·

554 2674 885 2813 1082(gp-uod
928 2743 985 2794 in
1039 2743 1245 2797 Verbo
1300 2742 1495 2795 multis
1549 2753 1751 2813 agatur
1806 2742 1877 2795 de
1935 2739 2373 2794 Glorificationc
2415 2739 2673 2804 Domini,

567 2837 636 2871 n:
681 2827 886 2878 10828.
972 2820 1039 2869 Et
1081 2819 1238 2890 quod
1293 2818 1486 2871 ubivis
1531 2819 1586 2869 in
1630 2836 1798 2871 sensu
1847 2821 1873 2869 Χ
1901 2818 2028 2871 erbi
2073 2818 2337 2879 interno,
2394 2834 2461 2868 n:
2505 2822 2677 2877 2249.

563 2902 732 2953 2523.
779 2900 944 2953 3245.
1027 2894 1196 2971 Quod
1242 2894 1523 2945 Dominus
1566 2895 1889 2945 Humanum
1948 2912 2109 2945 suum
2165 2892 2584 2964 glorificaverit
2622 2902 2682 2945 et

560 2987 679 3022 non
723 2967 1029 3030 Divinum,
1094 2969 1228 3039 quia
1285 2970 1394 3020 hoc
1451 2968 1508 3019 in
1563 2969 1639 3021 Se
1693 2969 2081 3039 glorificatum
2134 2978 2291 3030 erat,
2354 2986 2421 3021 n:
2467 2975 2675 3029 10057.

556 3043 730 3123 Quod
772 3044 1054 3096 Dominus
1099 3046 1156 3095 in
1211 3044 1484 3096 mundum
1542 3045 1773 3097 venerit
1825 3056 1885 3096 ut
1941 3045 2297 3115 glorificaret
2349 3046 2679 3097 Humanum

553 3138 748 3183 suum,
796 3138 869 3172 n:
915 3128 1083 3179 3637.
1123 3127 1290 3180 4286.
1335 3128 1499 3179 9315.
1579 3120 1751 3198 Quod
1787 3123 2066 3173 Dominus
2108 3119 2527 3193 glorificaverit
2554 3122 2670 3173 Hu-

558 3212 786 3247 manum
823 3212 984 3246 suum
1026 3212 1133 3267 per
1158 3196 1434 3248 Divinum
1467 3213 1727 3249 amorem
1764 3195 1860 3267 qui
1907 3197 1965 3248 in
1991 3197 2125 3268 Ipso
2165 3214 2233 3249 ex
2258 3196 2667 3267 conceptione,

549 3290 622 3323 n:
684 3278 854 3331 4727.
936 3270 1104 3347 Quod
1138 3287 1305 3324 amor
1338 3272 1571 3325 Domini
1611 3289 1745 3344 erga
1779 3272 2114 3325 universum
2152 3287 2331 3343 genus
2367 3272 2679 3325 humanum

551 3348 729 3400 fuerit
782 3346 897 3399 vita
952 3347 1189 3399 Domini
1232 3347 1292 3399 in
1334 3346 1582 3408 mundo,
1646 3366 1714 3399 n:
1770 3356 1940 3407 2253.
2021 3347 2193 3425 Quod
2233 3364 2400 3400 amor
2440 3346 2677 3400 Domini

553 3422 920 3477 transcendat
980 3440 1210 3475 omnem
1274 3422 1629 3477 intellectum
1691 3425 2032 3487 humanum,
2110 3440 2182 3476 n:
2244 3431 2411 3483 2077.
2505 3421 2679 3501 Quod

555 3500 836 3553 Dominus
880 3499 1192 3552 salvaverit
1232 3515 1410 3570 genus
1451 3502 1758 3552 humanum
1801 3517 1909 3571 per
1950 3499 2008 3552 id
2062 3497 2219 3571 quod
2260 3498 2681 3571 glorificaverit

553 3578 874 3627 Humanum
916 3591 1111 3637 suum,
1155 3592 1224 3647 nx
1268 3582 1437 3635 4180.
1471 3583 1679 3635 10019.
1728 3582 1934 3635 10152.
1984 3581 2193 3635 10655.
2227 3582 2433 3635 10659.
2466 3581 2675 3634 10828.

552 3650 723 3728 Quod
767 3651 1030 3724 alioquin
1072 3659 1260 3705 totum
1305 3668 1484 3723 genus
1528 3652 1834 3704 humanum
1880 3651 2150 3723 periisset
2184 3660 2377 3704 morte
2415 3661 2684 3715 aeterna,

550 3745 620 3780 n:
675 3734 841 3786 1676.
924 3730 1006 3779 De
1055 3738 1206 3781 statu
1240 3728 1683 3799 glorificationis
1717 3736 1775 3780 et
1815 3727 2236 3780 humiliationis
2276 3727 2544 3791 Domini,
2599 3743 2675 3778 n:

551 3809 718 3862 1785.
755 3809 922 3861 1999.
953 3809 1120 3862 2159.
1158 3811 1326 3864 6866.
1392 3802 1789 3866 GlorificatiO,
1837 3802 1937 3856 nbi
1974 3802 2045 3856 de
2080 3802 2365 3867 Domino,
2417 3801 2574 3875 quod
2604 3801 2681 3874 sit

554 3877 744 3930 unitio
784 3877 975 3947 Ipsius
1022 3878 1267 3931 Humani
1319 3896 1449 3931 cum
1488 3879 1734 3942 Divino,
1791 3888 1849 3931 et
1888 3878 2219 3951 glorificare
2265 3878 2422 3950 quod
2462 3879 2537 3931 sit
2576 3877 2676 3930 Di-

553 3953 751 4006 vinum
803 3952 1030 4016 facere,
1084 3971 1153 4005 n:
1187 3961 1381 4013 «1603.
1418 3961 1625 4014 10053.
1662 3962 1869 4016 10828.
1953 3954 2126 4031 Quod
2167 3955 2483 4018 Dominus,
2545 3969 2679 4005 cum

553 4028 910 4101 glorificavit
951 4031 1278 4082 Humanum
1319 4045 1519 4094 suum,
1564 4030 1790 4084 exuerit
1829 4048 2001 4083 omne
2043 4030 2353 4083 humanum
2392 4046 2425 4083 a
2467 4039 2673 4093 matre,

551 4121 734 4177 usque
774 4103 1002 4157 tandem
1044 4114 1107 4157 ut
1162 4121 1281 4156 non
1334 4103 1488 4157 filius
1544 4105 1668 4173 ejus
1708 4115 1887 4169 esset,
1952 4123 2021 4159 n:
2078 4112 2247 4166 2159.
2292 4111 2462 4167 2574.
2507 4111 2677 4167 2649.

557 4188 727 4241 3036.
779 4187 986 4240 10830.

710 4255 882 4334 Quod
923 4255 1106 4315 Filius
1149 4255 1256 4310 Dei
1312 4256 1383 4310 ab
1438 4267 1710 4320 aeterno,
1778 4257 1959 4312 fuerit
2013 4257 2289 4311 Divinum
2344 4259 2565 4310 Verum
2621 4256 2679 4308 in

553 4334 742 4399 coelo,
788 4350 858 4389 n:
904 4340 1074 4393 2628.
1112 4340 1282 4395 2798.
1327 4341 1496 4395 2803.
1536 4341 1700 4396 3195.
1740 4341 1907 4397 3704.
1971 4334 2142 4413 Quod
2180 4335 2466 4388 Dominus
2503 4333 2678 4387 ctiam

2023 4535 2050 4573 1
