3013 5114
554 405 624 456 5⁶
1174 392 1264 444 DE
1308 390 1542 444 COELO
1584 388 1676 443 ET
1715 388 2050 447 INFERNO.

556 557 607 613 si
646 571 719 613 ex
755 554 1025 610 interiori
1064 552 1315 627 cogitat,
1385 551 1546 626 quod
1582 568 1614 609 e
1655 548 1837 609 Coelo
1877 551 2027 623 sint;
2082 548 2160 605 ad
2207 546 2666 606 illustrationem

558 673 633 713 ex
668 651 1202 712 innumerabilibus
1238 668 1435 727 pauca
1460 650 1603 709 licet
1639 667 1971 709 memorare
1984 670 2001 724 3
2039 649 2134 708 hic
2170 650 2427 725 primum
2465 646 2666 722 aliqua

552 755 623 815 in
663 752 889 832 Reyno
916 748 1224 824 animali,
1265 751 1348 809 ibi
1386 751 1581 828 qualis
1617 753 1869 810 scientia
1905 753 2079 827 quasi
2112 751 2291 808 insita
2316 750 2393 807 sit
2422 747 2668 831 cuilibet

554 853 824 927 animali,
880 853 1153 930 pluribus
1200 858 1407 911 notum
1457 859 1578 927 est,
1647 854 1844 911 sciunt
1890 852 2058 927 Apes
2107 850 2310 926 legere
2361 847 2542 907 mella
2590 865 2700 907 ex·

550 955 825 1027 floribuS,
884 954 1141 1012 condere
1179 951 1430 1012 cellulas
1476 969 1549 1011 ex
1586 969 1757 1026 cera,
1811 955 1872 1010 in
1924 951 2142 1027 quibus
2185 949 2366 1008 mella
2414 966 2526 1007 sua
2561 965 2664 1006 re-

553 1056 835 1130 condant,
892 1061 952 1112 et
988 1057 1073 1112 sie
1110 1053 1222 1111 sibi
1261 1060 1320 1111 et
1360 1055 1486 1112 suis
1523 1054 1870 1129 prospicere
1919 1051 2050 1110 cibo
2088 1054 2267 1132 etiam
2311 1066 2421 1127 pro
2456 1050 2659 1107 futura

552 1157 802 1233 hyeme3
872 1153 1155 1214 saemella
1207 1171 1411 1211 eorum
1461 1154 1630 1229 ponit
1684 1171 1831 1227 ova,
1898 1156 2122 1211 caeteri
2169 1154 2535 1223 ministrant,
2606 1158 2666 1208 et

556 1256 1068 1316 circuminducunt
1107 1254 1237 1328 illa,
1296 1261 1362 1311 ut
1401 1253 1538 1311 inde
1580 1270 1737 1311 nova
1770 1271 2043 1330 propago
2082 1258 2405 1327 nascatur.;
2459 1252 2670 1308 vivunt

553 1362 613 1417 in
652 1357 912 1433 quadam
947 1357 1249 1431 regiminis
1291 1356 1511 1425 forma,
1557 1372 1734 1430 quam
1766 1371 1838 1412 ex
1867 1356 2044 1412 insito
2075 1359 2290 1412 norunt
2319 1368 2524 1411 omnes
2561 1350 2662 1423 ibi,

552 1457 731 1516 utiles
770 1464 1145 1527 conservant,
1188 1473 1258 1512 ac
1286 1454 1530 1512 inutiles
1570 1455 1815 1530 ejiciunt
1843 1471 1914 1512 ac
1944 1454 2260 1530 deprivant
2288 1454 2399 1512 alis
2413 1473 2429 1528 ;
2479 1469 2663 1528 prae-

552 1568 646 1617 ter
692 1556 812 1615 alia
859 1555 1186 1628 mirabilia,
1254 1572 1408 1632 quae
1450 1553 1568 1612 illis
1624 1573 1693 1613 ex
1748 1554 1916 1614 coelo
1964 1564 2214 1631 propter
2261 1572 2433 1613 usum
2449 1573 2466 1629 3
2524 1568 2664 1612 cera

552 1659 709 1716 enim
744 1658 990 1715 inservit
1026 1657 1285 1713 humano
1324 1657 1530 1731 generi
1566 1673 1675 1732 pro
1711 1654 1973 1714 lucernis
2002 1657 2062 1712 in
2090 1662 2211 1714 toto
2243 1654 2418 1723 orbe,
2457 1662 2516 1712 et
2542 1651 2660 1711 mel

549 1774 661 1835 pro
712 1755 1055 1815 condiendis
1102 1755 1271 1814 cibis.
1354 1754 1512 1830 Quid
1561 1773 1677 1814 non
1725 1756 1790 1814 fit
1836 1773 1970 1815 cum
2020 1756 2362 1815 vermiculis
2379 1800 2394 1829 ,
2453 1757 2553 1832 qui
2599 1754 2664 1811 in

549 1858 759 1933 Regno
829 1855 1073 1914 animali
1138 1855 1428 1915 vllissima
1479 1864 1649 1931 sunt3
1719 1858 1916 1915 sciunt
1969 1855 2058 1914 illi
2105 1874 2172 1914 se
2215 1858 2442 1915 nutrire
2478 1870 2662 1914 succo

555 1976 629 2017 ex
665 1959 791 2015 suis
827 1957 982 2015 foliis
995 2002 1014 2031 ,
1070 1965 1128 2016 ct
1163 1966 1381 2034 postea
1423 1964 1635 2015 exacto
1678 1964 1946 2032 tempore
1996 1974 2063 2015 se
2118 1959 2338 2017 circum
2375 1958 2660 2015 inducere

550 2061 838 2134 tegmine,
895 2064 954 2115 et
991 2059 1164 2133 quasi
1202 2075 1428 2133 ponere
1469 2059 1531 2113 in
1566 2062 1770 2126 utero,
1826 2064 1885 2114 et
1928 2057 2013 2114 sic
2068 2058 2385 2118 excludere
2431 2056 2664 2134 prolem

551 2161 648 2216 sui
684 2159 954 2233 generis:
1012 2157 1253 2232 quidam
1291 2163 1606 2216 vertuntur
1640 2160 1895 2233 primum
1931 2159 1990 2213 in
2034 2161 2329 2235 nymphas
2377 2166 2436 2218 et
2482 2158 2660 2232 chry-

551 2256 832 2331 sallides,
885 2273 957 2315 ac
996 2252 1096 2314 fila
1130 2258 1500 2334 producunt,
1551 2263 1612 2314 et
1650 2264 1789 2333 post
1835 2257 2197 2318 exantlatum
2247 2261 2514 2319 laborem
2552 2275 2661 2316 ex-

551 2364 837 2416 ornantur
875 2356 991 2414 alio
1034 2373 1317 2436 corpore,
1361 2364 1419 2415 et
1455 2359 1858 2433 insigniuntur
1895 2356 2036 2431 aliS‚
2086 2367 2144 2418 et
2185 2362 2387 2420 volant
2422 2362 2482 2418 in
2522 2362 2662 2421 aere

548 2466 618 2517 ut
651 2461 712 2517 in
751 2475 860 2516 suo
908 2457 1111 2532 coelo,
1169 2478 1239 2520 ac
1280 2458 1557 2535 conjugia
1594 2459 1933 2529 celebrant,
1983 2469 2212 2534 ponunt
2249 2479 2401 2532 ova,
2455 2468 2514 2527 et
2548 2463 2664 2521 sibi

545 2562 920 2639 prospiciunt
965 2564 1397 2636 posteritatem.
1479 2560 1731 2619 Praeter
1775 2560 1885 2620 hos
1934 2562 1995 2618 in
2048 2564 2291 2638 specie,
2352 2564 2550 2621 sciunt
2600 2567 2662 2623 in

547 2679 768 2739 genere
820 2663 1017 2720 omnia
1070 2662 1337 2723 volatilia
1384 2660 1536 2720 coeli
1589 2677 1732 2720 suos
1783 2661 1978 2734 cibos,
2038 2663 2251 2738 quibus
2307 2664 2659 2738 nutriantur,

548 2779 667 2820 non
710 2761 905 2821 solum
947 2764 1184 2836 quinam
1222 2771 1390 2834 sunt,
1446 2762 1557 2821 sed
1602 2765 1781 2821 etiam
1834 2761 2103 2837 ubinam3
2166 2767 2362 2823 sciunt
2405 2763 2663 2825 condere

550 2861 665 2920 sibi
698 2861 896 2935 nidOS,
953 2878 1131 2919 unum
1171 2879 1359 2938 genus
1398 2861 1572 2919 aliter
1609 2880 1788 2938 quam
1826 2861 2109 2932 alterum,
2144 2882 2372 2940 ponere
2408 2865 2490 2923 ibi
2519 2883 2656 2940 ova,

544 2960 836 3021 incubare
870 2959 1021 3030 illis,
1089 2961 1409 3020 excludere
1459 2947 1603 3019 suos
1657 2961 1885 3038 pullos,
1954 2971 2014 3021 et
2060 2964 2255 3035 alere,
2321 2983 2390 3024 ac
2441 2967 2663 3043 ejicere

551 3061 725 3118 domo
764 3077 899 3119 cum
949 3062 1042 3118 sui
1082 3062 1238 3137 juris
1292 3076 1429 3119 esse
1476 3070 1760 3137 possunt3
1814 3066 2010 3122 sciunt
2048 3066 2227 3123 etiam
2260 3083 2404 3124 suos
2449 3066 2660 3125 hostes

551 3176 704 3236 quos
741 3161 999 3236 fugiant,
1041 3168 1101 3220 et
1141 3178 1287 3220 suos
1325 3163 1550 3220 amicos
1588 3163 1804 3237 quibus
1843 3166 2285 3238 consocientur,
2337 3174 2397 3225 et
2431 3166 2583 3225 haec
2620 3184 2660 3223 a

545 3261 740 3338 prima
773 3261 1052 3319 infantia:
1106 3262 1173 3319 ut'
1214 3269 1445 3321 taceam
1496 3263 1793 3321 mirabilia
1830 3266 1889 3322 in
1925 3266 2073 3340 ipsis
2112 3268 2271 3340 oviS,
2324 3266 2426 3326 ubi
2462 3268 2665 3326 omnia

545 3379 657 3440 pro
699 3362 1050 3421 formatione
1089 3369 1149 3422 et
1184 3363 1504 3421 nutritione
1542 3362 1876 3423 inchoantis
1923 3365 2075 3441 pulli
2110 3374 2327 3441 parata
2357 3367 2566 3443 jacent
2599 3369 2662 3425 in

548 3473 658 3520 suo
695 3463 932 3537 ordine3
988 3472 1231 3540 praeter
1264 3463 1721 3522 innumerabilia
1756 3464 1894 3523 alia.
1983 3465 2131 3541 Quis
2170 3483 2427 3543 usquam
2462 3466 2662 3526 dictu·

547 3578 651 3621 rus
691 3570 810 3639 est,
865 3565 966 3639 qui
1018 3582 1092 3623 ex
1141 3563 1344 3639 aliqua
1377 3566 1625 3623 rationis
1662 3566 1960 3641 sapientia
2008 3567 2258 3642 cogitat,
2318 3566 2478 3642 quod
2511 3567 2665 3627 haec

549 3661 789 3721 aliunde
829 3665 973 3737 sint,
1014 3682 1193 3740 quam
1232 3681 1306 3723 ex
1341 3664 1640 3740 spirituali
1669 3664 1920 3739 mundo,
1962 3668 2061 3724 cui
2093 3667 2343 3726 inservit
2368 3667 2663 3730 naturalis

550 3778 661 3838 pro
703 3764 1032 3822 amiciendo
1072 3765 1159 3837 id,
1225 3762 1385 3839 quod
1416 3764 1555 3823 inde
1606 3772 1727 3837 est,
1786 3781 2068 3842 corpore,
2127 3782 2240 3826 seu
2288 3767 2555 3827 sistendo
2601 3769 2665 3826 in

545 3860 759 3920 effectu
795 3862 858 3919 id
892 3864 1051 3938 quod
1084 3862 1395 3941 spirituale
1435 3872 1531 3923 est
1568 3867 1631 3922 in
1667 3882 1870 3924 causa.
1944 3865 2121 3941 Quod
2158 3869 2440 3926 animalia
2474 3866 2662 3925 tellu-

544 3963 661 4031 ris,
725 3970 786 4020 et
830 3962 1101 4024 volatilia
1150 3963 1336 4035 coeli,
1400 3971 1725 4023 nascantur
1757 3968 1819 4023 in
1856 3979 2091 4025 omnem
2123 3966 2292 4026 illam
2327 3969 2662 4041 scientiam,

548 4069 607 4120 et
642 4078 761 4121 non
796 4061 991 4136 homo,
1034 4064 1135 4139 qui
1170 4069 1372 4121 tamen
1408 4063 1528 4122 illis
1562 4068 1972 4140 praestantior
2007 4073 2115 4143 est,
2158 4084 2344 4127 causa
2371 4075 2483 4142 est,
2523 4068 2667 4142 quia

546 4144 830 4222 animalia
870 4162 928 4220 in
966 4162 1171 4223 ordine
1208 4164 1367 4222 vitae
1405 4180 1553 4223 suae
1589 4172 1761 4239 sunt,
1800 4183 1911 4225 nec
1946 4174 2272 4244 potuerunt
2312 4169 2373 4227 id
2409 4166 2567 4244 quod
2600 4168 2664 4224 in

545 4263 664 4325 illis
709 4281 784 4324 ex
842 4263 1137 4344 spirituali
1186 4264 1405 4325 mundo
1463 4273 1581 4341 est,
1641 4257 1979 4344 destruere,
2047 4270 2330 4346 quoniam
2375 4267 2493 4329 illis
2543 4283 2665 4326 non
