3013 5114
614 445 724 497 338
1226 430 1321 483 DE
1363 429 1604 485 COELO
1646 427 1742 484 ET
1780 427 2123 484 INFERNO.

611 593 775 671 quod
824 591 1171 670 oppositum
1217 595 1313 649 est
1350 589 1549 648 medio
1589 604 1704 649 seu
1748 572 2018 648 secundo
2070 585 2286 662 Coelo,
2341 603 2416 647 ac
2458 589 2744 665 superius

612 694 771 772 quod
801 693 1142 770 oppositum
1179 697 1274 750 est
1308 689 1519 749 ultimo
1553 705 1665 750 seu
1691 691 1885 766 primo
1925 688 2131 748 Coelo.

772 797 855 854 54
870 795 931 852 3.
977 791 1290 868 Quomodo
1327 798 1530 851 autem
1563 790 1807 850 Inferna
1839 794 2132 867 reguntur
2164 805 2204 847 a
2236 787 2515 864 Domino,
2554 790 2740 848 etiam

611 896 827 973 paucis
877 894 1137 953 dicetur:
1189 899 1480 969 reguntur
1534 891 1779 951 Inferna
1827 893 1890 950 in
1941 892 2239 952 communi
2291 908 2401 968 per
2453 889 2744 949 affluxum

611 1013 987 1055 communem
1032 994 1237 1053 Divini
1273 994 1427 1052 Boni
1463 1009 1535 1052 ac
1569 994 1774 1052 Divini
1808 992 1960 1051 Veri
2000 1009 2076 1051 ex
2118 989 2357 1063 Coeli5,
2411 1008 2522 1067 per
2561 1008 2744 1067 quem

611 1098 943 1156 communis
986 1101 1235 1155 conatus
1275 1094 1526 1153 effluens
1569 1112 1643 1153 ex
1677 1093 1925 1153 infernis
1970 1093 2348 1152 refraenatur
2383 1099 2443 1151 et
2487 1094 2740 1152 coe‘rce-

611 1204 741 1276 tur3
799 1205 860 1258 et
894 1213 1133 1273 quoque
1182 1213 1293 1273 per
1336 1195 1624 1253 affluxum
1668 1195 2000 1272 specialem
2039 1211 2073 1253 e
2120 1192 2388 1268 quolibet
2423 1193 2624 1267 coelo,
2680 1198 2746 1252 et

612 1316 689 1358 ex
728 1298 998 1376 qualibet
1035 1288 1326 1357 societate
1376 1295 1549 1361 coeli.
1637 1295 1951 1372 Reguntur
1992 1296 2226 1354 inferna
2269 1297 2333 1353 in
2387 1293 2744 1373 particulari

609 1418 724 1477 per
772 1399 1074 1477 Angelos,
1152 1397 1369 1475 quibus
1420 1396 1598 1456 datur
1646 1398 1945 1474 inspicere
2002 1399 2064 1455 in
2122 1396 2383 1492 ipserna,
2453 1403 2515 1454 et
2568 1412 2740 1455 com-

608 1516 862 1578 pescere
911 1502 1177 1558 insanias
1232 1504 1292 1558 et
1336 1497 1547 1555 turbas
1595 1496 1708 1573 ibi;
1782 1496 2141 1574 quandoque
2201 1500 2382 1557 etiam
2428 1499 2746 1556 mittuntur

584 1599 753 1659 ‘illuc
796 1599 1025 1676 angeli,
1081 1616 1152 1658 ac
1194 1604 1551 1676 praesentes
1596 1597 1987 1657 moderantur
2017 1597 2192 1656 illas·
2253 1597 2327 1657 In
2363 1615 2587 1675 genere
2624 1614 2739 1656 au-

608 1706 732 1759 tem
771 1716 979 1759 omnes
1024 1701 1127 1776 qui
1160 1700 1222 1758 in
1267 1698 1524 1758 Infernis
1560 1705 1733 1770 sunt,
1782 1705 2076 1776 reguntur
2108 1715 2221 1775 per
2256 1701 2536 1772 timores,
2601 1698 2740 1774 qui-

610 1800 748 1860 dam
791 1818 902 1878 per
948 1800 1335 1879 implantatos
1378 1808 1439 1860 et
1480 1799 1679 1861 adhuc
1716 1802 1924 1860 insitos
1963 1818 1999 1858 e
2047 1800 2296 1875 mundo,
2352 1800 2462 1858 sed
2503 1800 2645 1876 quia
2675 1796 2744 1856 hi

606 1906 854 1962 timores
889 1920 1008 1964 non
1042 1902 1377 1977 sufficiunt,
1412 1909 1482 1961 ‘et
1509 1918 1748 1979 quoque
1790 1900 2108 1978 paullatim
2147 1900 2470 1974 recedunt,
2507 1916 2740 1977 regun-

606 2009 704 2063 tur
738 2020 852 2081 per
886 2006 1132 2064 timores
1176 2020 1543 2080 paenarum,
1609 2019 1722 2079 per
1772 2019 1923 2078 quos
1962 2004 2253 2079 imprimis
2291 2002 2667 2061 deterrentur
2702 2017 2744 2058 a

607 2105 781 2163 malis
817 2104 1140 2181 faciendis;
1196 2121 1429 2181 paenae
1467 2104 1549 2163 ibi
1592 2110 1733 2162 sunt
1769 2103 2162 2180 multiplices,
2208 2102 2469 2162 leniores
2507 2106 2567 2161 et
2593 2116 2738 2179 gra-

604 2207 804 2261 viores
842 2204 1175 2262 secundum
1229 2204 1417 2262 mala:
1487 2204 1880 2281 utplurimum
1930 2203 2362 2281 praeficiuntur
2417 2202 2551 2262 aliis
2601 2217 2766 2260 ma-·

603 2302 919 2378 lignioreS,
986 2305 1087 2379 qui
1131 2303 1455 2362 calliditate
1504 2314 1567 2364 et
1615 2305 1842 2363 artibus
1897 2304 2282 2382 praevalent,
2357 2309 2419 2363 et
2467 2303 2737 2381 reliquos

604 2420 716 2479 per
755 2419 983 2479 paenas
1038 2411 1098 2462 et
1140 2405 1276 2464 inde
1329 2411 1592 2464 terrores
1641 2407 1701 2463 in
1740 2404 2031 2482 obsequio
2077 2412 2141 2464 et
2186 2407 2479 2465 servitute
2523 2411 2734 2463 tenere

607 2510 891 2583 possunt3
928 2504 992 2564 hi
1018 2506 1309 2583 praefecti
1334 2523 1452 2566 non
1479 2507 1639 2566 ultra
1675 2505 1896 2567 limites
1933 2506 2050 2567 sibi
2085 2506 2494 2584 praescriptos
2531 2511 2737 2565 trans-

609 2610 696 2665 ire
734 2607 977 2668 audent.
1062 2606 1383 2669 Sciendum
1433 2616 1557 2678 est,
1619 2608 1779 2685 quod
1827 2610 2068 2668 unicum
2121 2607 2382 2666 medium
2417 2605 2740 2666 coercendi

609 2706 928 2766 violentias
981 2714 1042 2767 et
1091 2709 1324 2769 furores
1364 2709 1632 2783 illorum,
1691 2711 1792 2785 qui
1826 2711 1888 2768 in
1921 2710 2169 2768 infernis
2208 2716 2380 2784 sunt,
2437 2710 2517 2767 sit
2561 2709 2743 2767 timor

610 2824 875 2884 paenae,
931 2825 1051 2868 non
1087 2808 1264 2868 datur
1299 2810 1465 2869 aliud
1498 2810 1778 2869 medium.

773 2909 934 2968 544.
1006 2908 1312 2969 Creditum
1363 2912 1618 2976 est2huc
1656 2926 1851 2987 usque
1898 2912 1961 2968 in
1998 2910 2252 2989 mundo,
2318 2910 2479 2986 quod
2512 2909 2737 2986 aliquis

609 3006 905 3066 Diabolus
951 3011 1030 3067 sit
1071 3012 1172 3085 qui
1205 3011 1451 3070 infernis
1480 3017 1756 3088 praeest,
1813 3016 1874 3069 et
1914 3011 2073 3087 quod
2113 3013 2163 3069 is
2203 3019 2440 3076 creatus
2477 3013 2557 3070 sit
2580 3010 2734 3069 lucis

612 3106 916 3183 AngeluS,
956 3108 1066 3167 sed
1102 3116 1423 3186 postquam
1462 3112 1707 3171 rebellis
1745 3113 1941 3171 factus
1983 3118 2104 3186 est,
2170 3115 2231 3170 in
2265 3112 2563 3172 infernum
2598 3128 2737 3170 cum

613 3224 728 3266 sua
778 3207 958 3266 turba
1004 3208 1277 3286 dejectus
1327 3212 1434 3270 sit:
1503 3212 1664 3287 quod
1707 3214 1792 3271 ita
1839 3213 2129 3272 creditum
2177 3214 2387 3286 fuerit,
2453 3218 2550 3273 est
2593 3214 2738 3289 quia

613 3311 675 3368 in
713 3309 917 3374 Verbo
952 3312 1290 3369 nominatur
1323 3310 1620 3371 Diabolus
1668 3319 1729 3371 et
1772 3312 2062 3385 Sat-anm,
2102 3321 2163 3373 et
2196 3331 2438 3390 quoque
2463 3313 2733 3389 Lucifer,

614 3427 688 3471 ac
715 3410 986 3472 Verbum
1018 3412 1102 3472 ibi
1134 3411 1503 3472 intellectum
1545 3418 1637 3471 est
1672 3414 2000 3473 secundum
2028 3431 2273 3474 sensum
2309 3414 2549 3489 literae,
2598 3429 2735 3474 cum

614 3518 816 3572 tamen
853 3532 964 3590 per
998 3514 1321 3574 Diabolum
1351 3521 1410 3574 et
1439 3515 1727 3577 Satanam
1763 3515 1847 3574 ibi
1880 3515 2234 3593 intelligitur
2256 3515 2582 3590 Infernum,
2618 3530 2732 3592 per

612 3612 937 3673 Diabolum
974 3615 1036 3674 id
1073 3615 1380 3675 Infernnm
1422 3615 1583 3692 quod
1618 3633 1655 3674 a
1689 3622 1858 3693 tago
1899 3623 2022 3691 est,
2077 3623 2142 3676 et
2186 3615 2291 3675 ubi
2324 3618 2594 3693 pessimi,
2629 3616 2732 3692 qui

614 3720 905 3772 vocantur
945 3716 1087 3774 mali
1129 3719 1314 3792 genii;
1373 3723 1432 3776 et
1476 3734 1589 3793 per
1635 3717 1918 3777 Satanam
1959 3716 2020 3775 id
2061 3712 2365 3777 Infernum
2415 3716 2577 3793 quod
2621 3732 2732 3774 an-

614 3814 803 3870 terius
841 3822 967 3890 est,
1022 3816 1128 3873 ubi
1164 3834 1283 3876 non
1325 3824 1444 3876 tam
1489 3818 1767 3895 maligni,
1837 3823 1899 3877 et
1944 3823 2233 3877 vocantur
2267 3817 2410 3876 mali
2444 3819 2724 3894 spiritu83

617 3914 679 3965 et
731 3927 841 3987 per
875 3913 1215 4000 {luciferum
1248 3918 1663 3995 intelligunt-ur
1707 3918 1794 3978 illi
1830 3919 1933 3994 qui
1978 3935 2011 3977 e
2051 3916 2278 3978 Babele
2316 3921 2424 3977 seu
2464 3917 2730 3995 Babylo-

614 4010 717 4066 nia
756 3998 925 4081 sunt,
988 4015 1090 4088 qui
1134 4021 1273 4072 sunt
1308 4019 1410 4091 qui
1445 4017 1705 4077 dominia
1739 4019 1850 4078 sua
1881 4019 2205 4078 extendunt
2239 4035 2432 4095 usque
2471 4007 2531 4077 in
2569 4017 2728 4077 Coe-

615 4110 757 4169 lum.
839 4109 1017 4186 Quod
1065 4128 1183 4171 non
1222 4114 1438 4190 aliquis
1476 4116 1772 4177 Diabolus
1818 4121 1930 4190 sit,
1998 4121 2093 4178 cui
2131 4120 2407 4198 subjecta
2451 4125 2592 4177 sunt
2630 4120 2726 4177 in-

615 4212 814 4287 ferna,
864 4219 1033 4290 patet
1065 4229 1302 4289 quoque
1341 4231 1414 4271 ex
1452 4231 1553 4286 eo,
1593 4218 1754 4294 quod
1790 4223 2140 4308 omnesfqui
2179 4223 2239 4280 in
2266 4220 2523 4280 Infernis
2564 4225 2726 4292 sunt,

618 4317 773 4374 sicut
809 4329 1014 4375 omnes
1062 4316 1164 4391 qui
1200 4317 1258 4373 in
1298 4314 1531 4388 Coeli-⁶3,
1597 4336 1670 4378 ex
1710 4319 1987 4378 Humano
2033 4321 2271 4382 Genere
2310 4324 2456 4395 sint,
2513 4320 2726 4379 videa-
