3013 5114
569 412 677 461 220
879 438 884 443 -
1159 398 1255 451 DE
1299 397 1534 451 COELO
1578 397 1669 450 ET
1710 395 2047 451 INFERNO.

570 562 672 637 qui
724 575 842 616 non
876 558 936 614 in
978 558 1137 614 veris
1180 564 1301 633 est3
1381 564 1666 632 quantum
1716 559 1916 633 itaque
1970 572 2118 614 vera
2168 554 2331 631 apud
2379 554 2681 616 hominem

568 658 888 735 conjuncta
921 663 1062 715 sunt
1096 657 1281 732 bono,
1338 665 1567 716 tantum
1607 658 1783 715 homo
1821 657 2171 733 conjunctus
2210 661 2303 714 est
2334 655 2591 715 Domino
2621 662 2684 715 et

569 759 782 820 Coelo:
837 758 972 816 inde
1008 775 1163 815 nunc
1215 764 1307 816 est
1355 760 1491 834 ipsa
1530 760 1695 834 origo
1723 750 1958 817 Amoris
1990 755 2361 833 conjugialiS,
2414 773 2679 833 quapro-

568 866 706 937 pter
742 865 834 918 cst
874 858 974 916 ille
1020 860 1216 933 ipsum
1263 858 1506 934 planum
1556 858 1825 916 Influxus
1861 857 2082 915 Divini.
2160 855 2309 915 Inde
2347 863 2471 923 est,
2524 856 2684 934 quod

570 960 908 1036 conjunctio
943 958 1082 1015 boni
1123 965 1181 1017 et
1224 961 1353 1018 veri
1396 960 1455 1016 in
1505 958 1689 1017 coelis
1736 958 1967 1015 dicatur
2004 956 2362 1033 Conjugium
2400 957 2681 1031 coeleste,

572 1066 632 1118 et
673 1044 835 1135 quod
882 1057 1129 1117 Coelum
1166 1061 1225 1116 in
1268 1058 1470 1118 Verbo
1528 1065 1908 1134 comparetur
1957 1056 2280 1134 Conjugi0,
2338 1063 2398 1114 et
2443 1074 2680 1140 quoque

572 1161 804 1219 dicatur
869 1158 1253 1235 Conjuqum3
1344 1167 1403 1218 et
1458 1159 1617 1235 quod
1665 1159 1957 1217 Dominus
2020 1157 2250 1216 dicatur
2303 1156 2574 1233 Sponsus
2631 1162 2691 1216 et

569 1260 851 1331 MarituS,
895 1277 964 1317 ac
1004 1259 1250 1317 Coelum
1279 1277 1414 1317 cum
1435 1260 1709 1318 Ecclesia
1741 1258 1977 1334 Sponsa
2014 1266 2073 1316 ct
2109 1275 2347 1334 quoque
2382 1257 2548 1329 Uxor
2577 1254 2684 1338 (n).

732 1362 893 1419 372.
949 1360 1183 1416 Bonum
1222 1368 1279 1417 et
1315 1359 1543 1419 Verum
1581 1360 1897 1436 conjuncta
1935 1358 2096 1435 apud
2132 1358 2430 1435 Angelum
2479 1365 2538 1417 et
2573 1358 2685 1416 ho-

573 1463 791 1519 minem
842 1477 959 1516 non
1013 1466 1154 1517 sunt
1199 1460 1314 1517 duo
1367 1460 1477 1518 sed
1527 1478 1739 1534 unum,
1808 1462 2083 1533 quoniam
2139 1465 2279 1517 tunc
2323 1458 2543 1517 bonum
2598 1465 2691 1517 est

568 1564 700 1619 veri
748 1575 818 1617 ac
867 1577 1072 1618 verum
1121 1559 1296 1617 boni:
1351 1560 1503 1618 haec
1559 1561 1894 1638 conjunctio
1950 1577 2018 1618 se
2063 1559 2281 1632 habet,
2343 1561 2498 1617 sicut
2550 1577 2689 1617 cum

568 1660 745 1719 homo
783 1661 1005 1735 cogitat
1041 1659 1198 1735 quod
1244 1661 1371 1718 vult
1410 1678 1479 1719 ac
1532 1660 1868 1742 vultouod
1911 1664 2157 1737 cogitat,
2215 1670 2354 1719 tunc
2405 1662 2687 1736 cogitatio

573 1768 633 1819 et
668 1760 943 1832 uoluntas
980 1779 1160 1817 unum
1198 1761 1452 1836 faciunt,
1512 1763 1595 1820 ita
1630 1779 1807 1820 unam
1857 1769 2145 1834 mentem,
2210 1762 2488 1837 cogitatio
2531 1764 2688 1820 enim

570 1861 785 1919 format
830 1877 940 1920 seu
980 1863 1136 1919 sistit
1171 1864 1231 1919 in
1274 1863 1465 1920 forma
1508 1863 1567 1920 id
1605 1862 1766 1938 quod
1801 1861 2077 1920 voluntas
2106 1862 2267 1936 vult,
2308 1870 2370 1920 et
2410 1861 2687 1922 voluntas

562 1961 859 2039 jucundat
892 1962 980 2034 id;
1048 1961 1184 2020 inde
1226 1981 1465 2039 quoque
1519 1972 1637 2032 est,
1694 1962 1851 2036 quod
1900 1962 2017 2021 duo
2066 1964 2350 2039 conjuges
2400 1964 2459 2019 in
2501 1961 2687 2022 Coelo

570 2079 689 2120 non
726 2061 1147 2120 dicanturssduo
1202 2063 1310 2121 sed
1363 2081 1517 2121 unus
1569 2061 1858 2137 Angelus.
1950 2064 2082 2121 Hoc
2120 2080 2360 2140 quoquc
2399 2069 2491 2121 est
2531 2063 2691 2138 quod

495 2233 507 2247 Ι
568 2161 920 2235 intelligitur
958 2179 1069 2236 per
1116 2162 1354 2219 Domini
1403 2163 1619 2234 verba,
1697 2162 1976 2237 „Annon
2037 2159 2321 2243 leqistz's‘,
2394 2160 2562 2242 quod
2613 2160 2689 2222 Ie

570 2260 680 2338 qui
715 2259 878 2339 fecit
929 2260 1006 2319 ab
1059 2260 1246 2319 initio
1291 2259 1653 2323 masculum
1699 2271 1757 2324 et
1804 2262 2164 2341 foeminam
2212 2263 2374 2343 fecit
2423 2281 2559 2332 eoa,
2634 2268 2695 2322 et

573 2358 776 2433 dixit,
823 2365 1159 2438 propterea
1200 2359 1506 2440 relinquet
1539 2362 1719 2423 homo
1744 2369 2000 2443 pat-rem
2036 2369 2095 2423 et
2129 2371 2424 2433 matrem,
2476 2368 2535 2423 et
2568 2362 2693 2423 ad-

565 2458 839 2522 haerebit
874 2461 1071 2521 uoeorz'
1105 2480 1287 2533 suae,
1340 2469 1399 2522 et
1439 2470 1623 2524 erunt
1660 2464 1785 2525 duo
1818 2465 1889 2524 in
1922 2482 2170 2524 carnem
2205 2483 2401 2524 unam
2419 2484 2445 2534 ;
2501 2482 2694 2541 quare

565 2582 691 2622 non
737 2557 1023 2641 amplius
1059 2570 1209 2622 sunt
1247 2563 1405 2635 dm,
1468 2564 1581 2624 sed
1624 2586 1756 2626 una
1804 2584 1980 2640 car0,
2042 2565 2208 2643 quod
2257 2565 2470 2644 itaque
2501 2564 2696 2626 Deus

569 2662 926 2744 conjunoeih
1004 2661 1184 2723 homo
1248 2683 1323 2724 ne
1376 2672 1625 2743 separet
1642 2688 1663 2725 .·
1714 2685 1838 2726 von
1886 2685 2094 2725 omnes
2143 2666 2402 2745 capiunt
2446 2667 2698 2728 verbum

567 2761 710 2837 hoc,
756 2761 868 2821 sed
905 2762 958 2820 iz·
997 2762 1224 2841 quibus
1255 2764 1481 2824 dacum
1525 2769 1688 2839 ρπβ
1745 2767 1974 2824 Matth:
2024 2763 2207 2827 XIX:
2263 2770 2325 2825 4.
2373 2771 2431 2825 5.
2478 2768 2537 2824 6.
2585 2770 2694 2824 11.

567 2862 769 2920 Marc:
816 2861 903 2919 X:
957 2860 1014 2920 6.
1064 2868 1120 2922 7.
1176 2865 1235 2920 8.
1285 2866 1344 2922 9.
1404 2865 1638 2924 Genes:
1691 2867 1784 2924 II:
1830 2870 1955 2925 24:
2010 2868 2105 2925 hic
2146 2867 2502 2926 describitur
2539 2866 2698 2926 Con-

562 2961 793 3037 jugium
829 2960 1090 3020 coeleste
1134 2964 1191 3019 in
1229 2980 1347 3038 quo
1392 2971 1534 3021 sunt
1570 2965 1818 3041 Angeli,
1877 2975 1935 3024 et
1971 2968 2147 3026 simul
2185 2968 2522 3043 conjugium
2557 2967 2700 3025 boni

885 3114 1005 3122 -w

717 3191 808 3252 (n)
853 3189 1023 3254 Quod
1066 3209 1231 3244 amor
1275 3210 1413 3246 vere
1455 3195 1803 3267 coniugialia
1859 3196 2030 3250 ducat
2082 3198 2406 3270 originem,
2469 3214 2697 3251 causam

570 3276 629 3319 et
669 3267 975 3320 essentiam
1016 3284 1083 3319 ex
1124 3268 1399 3339 conjugio
1442 3271 1587 3323 boni
1634 3282 1691 3324 et
1733 3272 1893 3336 veri,
1961 3273 2040 3325 ita
2081 3275 2235 3346 quod
2282 3275 2356 3328 sit
2396 3292 2463 3327 ex
2505 3275 2695 3340 coelo,

568 3360 637 3394 nx
681 3350 850 3402 2728.
895 3350 1060 3402 2729.
1149 3347 1232 3395 De
1275 3345 1588 3414 spiritibus
1631 3348 1908 3418 angelicis
1964 3350 2062 3421 qui
2125 3350 2563 3421 perceptionem
2606 3352 2698 3404 ha-

568 3419 740 3482 bent,
796 3436 932 3472 num
974 3418 1302 3491 coniugiale
1348 3421 1454 3483 sit,
1521 3440 1588 3475 ex
1632 3422 1759 3475 idea
1803 3422 2232 3489 conjunctionis
2272 3426 2414 3478 boni
2454 3439 2511 3478 et
2549 3425 2696 3488 veri,

573 3513 643 3548 n:
687 3503 893 3555 10756.
976 3495 1145 3570 Quod
1180 3512 1345 3548 amor
1387 3498 1733 3570 coniugialis
1776 3515 1836 3552 se
1878 3517 2122 3570 prorsus
2161 3502 2431 3554 similiter
2470 3501 2697 3565 habeat,

571 3571 720 3623 sicut
761 3570 1095 3639 conjunctio
1137 3571 1277 3623 honi
1323 3582 1380 3624 et
1421 3574 1568 3637 veri,
1653 3574 1725 3626 de
1769 3577 1931 3644 qua‚'
1977 3594 2042 3628 n:
2106 3584 2272 3637 1904.
2315 3585 2484 3637 2173.
2527 3585 2699 3638 2429.

573 3652 743 3704 2503.
788 3653 952 3706 3101-
1000 3654 1164 3706 3102>-
1221 3654 1390 3707 3155.
1453 3657 1620 3709 3179·
1678 3657 1846 3707 3180.
1890 3657 2059 3711 4358.
2107 3659 2272 3712 5407·
2317 3660 2485 3713 5835.
2530 3661 2699 3712 9206.

574 3726 742 3779 9495.
786 3729 952 3780 9637.
1036 3721 1343 3785 Quomodo
1397 3722 1469 3774 fn
1524 3724 1864 3789 conjunctio
1917 3726 2060 3779 boni
2114 3738 2173 3780 et
2225 3729 2386 3789 veri,
2453 3739 2509 3780 et
2548 3728 2703 3798 apud

572 3811 751 3865 quos,
812 3814 884 3852 113
948 3805 1115 3858 3834·
1171 3804 1337 3857 4096·
1402 3806 1570 3858 4097·
1610 3807 1780 3860 4301.
1835 3807 2006 3862 4345.
2073 3810 2243 3863 4353.
2306 3811 2475 3864 4864.
2532 3810 2700 3864 4368·

577 3877 746 3929 5365.
799 3879 944 3930 7623
987 3873 1057 3923 ad
1099 3881 1265 3932 7627.
1306 3880 1474 3932 9258.
1560 3873 1725 3939 Quod
1770 3893 1885 3927 non
1929 3878 2143 3931 sciatur
2180 3879 2321 3951 quid
2360 3896 2522 3932 amor
2561 3896 2702 3931 vere

573 3945 916 4014 coniugialia
952 3946 1060 3997 nisi
1108 3947 1178 3998 ab
1211 3947 1328 3998 inis
1357 3948 1455 4019 qui
1496 3948 1553 3999 in
1588 3950 1747 4002 bono
1792 3960 1850 4002 et
1888 3970 2029 4005 vcro
2074 3964 2205 4006 sunt
2243 3970 2272 4006 a
2308 3954 2581 4017 Domino,
2629 3971 2699 4009 n:

574 4026 777 4078 10171.
861 4019 1025 4083 Quod
1069 4020 1126 4072 in
1171 4023 1373 4073 Verbo
1415 4039 1523 4092 per
1564 4025 1897 4096 conjugium
1943 4027 2314 4100 significetur
2370 4028 2703 4100 conjugium

574 4093 716 4145 boni
759 4105 816 4147 et
856 4096 1002 4157 veri,
1045 4109 1118 4154 n:
1163 4104 1328 4156 3132.
1374 4103 1546 4159 4434.
1594 4108 1760 4161 4834.
1845 4101 2009 4165 Quod
2048 4104 2110 4154 in
2149 4122 2349 4158 amore
2390 4122 2528 4158 vere
2569 4121 2704 4160 con·

573 4170 775 4240 jugiali
824 4172 896 4223 sit
942 4173 1193 4241 Regnum
1240 4172 1466 4225 Domini
1514 4185 1568 4235 αἱ
1614 4176 1874 4239 coelum,
1922 4196 1987 4231 n:
2035 4188 2203 4239 2737.
