<?xml version="1.0" encoding="UTF-8"?>
<!DOCTYPE html PUBLIC "-//W3C//DTD XHTML 1.0 Transitional//EN"
    "http://www.w3.org/TR/xhtml1/DTD/xhtml1-transitional.dtd">
<html xmlns="http://www.w3.org/1999/xhtml" xml:lang="en" lang="en">
 <head>
  <title>
</title>
<meta http-equiv="Content-Type" content="text/html;charset=utf-8" />
  <meta name='ocr-system' content='tesseract 3.04.00' />
  <meta name='ocr-capabilities' content='ocr_page ocr_carea ocr_par ocr_line ocrx_word'/>
</head>
<body>
  <div class='ocr_page' id='page_1' title='image "./decoeloetejusmi00tafegoog_0135.png"; bbox 0 0 3013 5114; ppageno 0'>
   <div class='ocr_carea' id='block_1_1' title="bbox 623 412 2397 479">
    <p class='ocr_par' dir='ltr' id='par_1_1' title="bbox 623 412 2397 479">
     <span class='ocr_line' id='line_1_1' title="bbox 623 412 2397 479; baseline 0.009 -15"><span class='ocrx_word' id='word_1_1' title='bbox 623 412 719 465; x_wconf 89' lang='lat' dir='ltr'>DE</span> <span class='ocrx_word' id='word_1_2' title='bbox 760 412 1098 479; x_wconf 83' lang='lat' dir='ltr'><strong>LOQUELA</strong></span> <span class='ocrx_word' id='word_1_3' title='bbox 1140 412 1590 472; x_wconf 77' lang='lat' dir='ltr'><strong>ANGELORUM</strong></span> <span class='ocrx_word' id='word_1_4' title='bbox 1634 414 1781 471; x_wconf 87' lang='lat' dir='ltr'>CUM</span> <span class='ocrx_word' id='word_1_5' title='bbox 1819 413 2111 471; x_wconf 84' lang='lat' dir='ltr'><strong>HOMINE.</strong></span> <span class='ocrx_word' id='word_1_6' title='bbox 2292 430 2397 479; x_wconf 74' lang='lat'>1‘29</span> 
     </span>
    </p>
   </div>
   <div class='ocr_carea' id='block_1_2' title="bbox 224 574 2405 1357">
    <p class='ocr_par' dir='ltr' id='par_1_2' title="bbox 224 574 2405 1357">
     <span class='ocr_line' id='line_1_2' title="bbox 287 574 2403 651; baseline 0.003 -18"><span class='ocrx_word' id='word_1_7' title='bbox 287 575 712 651; x_wconf 79' lang='lat' dir='ltr'>cogitationem</span> <span class='ocrx_word' id='word_1_8' title='bbox 749 575 881 650; x_wconf 88' lang='lat' dir='ltr'>ejus</span> <span class='ocrx_word' id='word_1_9' title='bbox 921 574 1284 649; x_wconf 82' lang='lat' dir='ltr'><strong>naturalem,</strong></span> <span class='ocrx_word' id='word_1_10' title='bbox 1343 581 1401 633; x_wconf 86' lang='lat' dir='ltr'>et</span> <span class='ocrx_word' id='word_1_11' title='bbox 1440 574 1590 633; x_wconf 87' lang='lat' dir='ltr'>haec</span> <span class='ocrx_word' id='word_1_12' title='bbox 1625 574 1910 634; x_wconf 81' lang='lat' dir='ltr'>cohaeret</span> <span class='ocrx_word' id='word_1_13' title='bbox 1946 593 2083 636; x_wconf 89' lang='lat' dir='ltr'>cum</span> <span class='ocrx_word' id='word_1_14' title='bbox 2116 580 2403 639; x_wconf 87' lang='lat' dir='ltr'>memoria</span> 
     </span>
     <span class='ocr_line' id='line_1_3' title="bbox 224 673 2398 752; baseline 0.001 -18"><span class='ocrx_word' id='word_1_15' title='bbox 224 688 227 691; x_wconf 74' lang='grc'>’</span> <span class='ocrx_word' id='word_1_16' title='bbox 288 675 455 752; x_wconf 78' lang='lat' dir='ltr'>ejuS,</span> <span class='ocrx_word' id='word_1_17' title='bbox 500 673 660 750; x_wconf 91' lang='lat' dir='ltr'>quod</span> <span class='ocrx_word' id='word_1_18' title='bbox 695 675 830 734; x_wconf 89' lang='lat' dir='ltr'>ideo</span> <span class='ocrx_word' id='word_1_19' title='bbox 873 683 1166 752; x_wconf 83' lang='lat' dir='ltr'>appareat</span> <span class='ocrx_word' id='word_1_20' title='bbox 1199 675 1316 734; x_wconf 88' lang='lat' dir='ltr'>illis</span> <span class='ocrx_word' id='word_1_21' title='bbox 1344 675 1550 750; x_wconf 87' lang='lat' dir='ltr'>lingua</span> <span class='ocrx_word' id='word_1_22' title='bbox 1584 674 1836 734; x_wconf 87' lang='lat' dir='ltr'>hominis</span> <span class='ocrx_word' id='word_1_23' title='bbox 1865 679 2021 736; x_wconf 87' lang='lat' dir='ltr'>sicut</span> <span class='ocrx_word' id='word_1_24' title='bbox 2055 694 2187 748; x_wconf 87' lang='lat' dir='ltr'>sua,</span> <span class='ocrx_word' id='word_1_25' title='bbox 2232 681 2398 739; x_wconf 85' lang='lat' dir='ltr'>simi-</span> 
     </span>
     <span class='ocr_line' id='line_1_4' title="bbox 285 775 2405 857; baseline 0.003 -23"><span class='ocrx_word' id='word_1_26' title='bbox 285 776 429 834; x_wconf 90' lang='lat' dir='ltr'>liter</span> <span class='ocrx_word' id='word_1_27' title='bbox 479 777 670 834; x_wconf 88' lang='lat' dir='ltr'>omnis</span> <span class='ocrx_word' id='word_1_28' title='bbox 722 778 972 836; x_wconf 90' lang='lat' dir='ltr'>scientia</span> <span class='ocrx_word' id='word_1_29' title='bbox 1020 777 1181 853; x_wconf 88' lang='lat' dir='ltr'>ejus,</span> <span class='ocrx_word' id='word_1_30' title='bbox 1251 782 1311 835; x_wconf 88' lang='lat' dir='ltr'>et</span> <span class='ocrx_word' id='word_1_31' title='bbox 1360 775 1521 852; x_wconf 86' lang='lat' dir='ltr'>quod</span> <span class='ocrx_word' id='word_1_32' title='bbox 1566 775 1679 834; x_wconf 92' lang='lat' dir='ltr'>hoc</span> <span class='ocrx_word' id='word_1_33' title='bbox 1715 775 1819 834; x_wconf 86' lang='lat' dir='ltr'>fiat</span> <span class='ocrx_word' id='word_1_34' title='bbox 1864 794 1935 837; x_wconf 87' lang='lat' dir='ltr'>ex</span> <span class='ocrx_word' id='word_1_35' title='bbox 1977 794 2197 848; x_wconf 87' lang='lat' dir='ltr'>causa,</span> <span class='ocrx_word' id='word_1_36' title='bbox 2262 782 2405 857; x_wconf 84' lang='lat' dir='ltr'>quia</span> 
     </span>
     <span class='ocr_line' id='line_1_5' title="bbox 286 875 2403 953; baseline 0.002 -19"><span class='ocrx_word' id='word_1_37' title='bbox 286 876 521 952; x_wconf 83' lang='lat' dir='ltr'>placuit</span> <span class='ocrx_word' id='word_1_38' title='bbox 554 875 844 951; x_wconf 88' lang='lat' dir='ltr'>Domino,</span> <span class='ocrx_word' id='word_1_39' title='bbox 906 884 971 936; x_wconf 92' lang='lat' dir='ltr'>ut</span> <span class='ocrx_word' id='word_1_40' title='bbox 1002 877 1139 936; x_wconf 89' lang='lat' dir='ltr'>talis</span> <span class='ocrx_word' id='word_1_41' title='bbox 1177 876 1515 953; x_wconf 78' lang='lat' dir='ltr'>conjunctio</span> <span class='ocrx_word' id='word_1_42' title='bbox 1554 883 1612 935; x_wconf 90' lang='lat' dir='ltr'>et</span> <span class='ocrx_word' id='word_1_43' title='bbox 1648 879 1820 952; x_wconf 83' lang='lat' dir='ltr'>quasi</span> <span class='ocrx_word' id='word_1_44' title='bbox 1852 880 2100 938; x_wconf 84' lang='lat' dir='ltr'>insertio</span> <span class='ocrx_word' id='word_1_45' title='bbox 2136 880 2289 941; x_wconf 86' lang='lat' dir='ltr'>coeli</span> <span class='ocrx_word' id='word_1_46' title='bbox 2324 882 2403 940; x_wconf 86' lang='lat' dir='ltr'>sit</span> 
     </span>
     <span class='ocr_line' id='line_1_6' title="bbox 288 977 2402 1058; baseline 0.003 -24"><span class='ocrx_word' id='word_1_47' title='bbox 288 977 459 1054; x_wconf 91' lang='lat' dir='ltr'>apud</span> <span class='ocrx_word' id='word_1_48' title='bbox 491 977 820 1053; x_wconf 83' lang='lat' dir='ltr'>homine1n3</span> <span class='ocrx_word' id='word_1_49' title='bbox 882 979 988 1037; x_wconf 92' lang='lat' dir='ltr'>sed</span> <span class='ocrx_word' id='word_1_50' title='bbox 1026 977 1186 1053; x_wconf 89' lang='lat' dir='ltr'>quod</span> <span class='ocrx_word' id='word_1_51' title='bbox 1221 984 1414 1036; x_wconf 88' lang='lat' dir='ltr'>status</span> <span class='ocrx_word' id='word_1_52' title='bbox 1451 978 1704 1036; x_wconf 87' lang='lat' dir='ltr'>hominis</span> <span class='ocrx_word' id='word_1_53' title='bbox 1753 977 1930 1036; x_wconf 88' lang='lat' dir='ltr'>hodie</span> <span class='ocrx_word' id='word_1_54' title='bbox 1974 980 2052 1037; x_wconf 88' lang='lat' dir='ltr'>sit</span> <span class='ocrx_word' id='word_1_55' title='bbox 2095 980 2280 1058; x_wconf 88' lang='lat' dir='ltr'>alius,</span> <span class='ocrx_word' id='word_1_56' title='bbox 2336 989 2402 1040; x_wconf 92' lang='lat' dir='ltr'>ut</span> 
     </span>
     <span class='ocr_line' id='line_1_7' title="bbox 289 1077 2397 1158; baseline 0.002 -22"><span class='ocrx_word' id='word_1_57' title='bbox 289 1078 433 1136; x_wconf 89' lang='lat' dir='ltr'>talis</span> <span class='ocrx_word' id='word_1_58' title='bbox 473 1078 811 1154; x_wconf 90' lang='lat' dir='ltr'>conjunctio</span> <span class='ocrx_word' id='word_1_59' title='bbox 856 1097 974 1137; x_wconf 92' lang='lat' dir='ltr'>non</span> <span class='ocrx_word' id='word_1_60' title='bbox 1023 1078 1277 1154; x_wconf 87' lang='lat' dir='ltr'>amplius</span> <span class='ocrx_word' id='word_1_61' title='bbox 1326 1081 1405 1136; x_wconf 91' lang='lat' dir='ltr'>sit</span> <span class='ocrx_word' id='word_1_62' title='bbox 1446 1096 1582 1137; x_wconf 88' lang='lat' dir='ltr'>cum</span> <span class='ocrx_word' id='word_1_63' title='bbox 1616 1077 1896 1153; x_wconf 84' lang='lat' dir='ltr'>Angelis,</span> <span class='ocrx_word' id='word_1_64' title='bbox 1948 1079 2057 1136; x_wconf 88' lang='lat' dir='ltr'>sed</span> <span class='ocrx_word' id='word_1_65' title='bbox 2096 1097 2231 1139; x_wconf 89' lang='lat' dir='ltr'>cum</span> <span class='ocrx_word' id='word_1_66' title='bbox 2267 1083 2397 1158; x_wconf 88' lang='lat' dir='ltr'>spi-</span> 
     </span>
     <span class='ocr_line' id='line_1_8' title="bbox 290 1177 2400 1254; baseline 0.002 -17"><span class='ocrx_word' id='word_1_67' title='bbox 290 1178 504 1237; x_wconf 87' lang='lat' dir='ltr'>ritibus</span> <span class='ocrx_word' id='word_1_68' title='bbox 543 1181 647 1253; x_wconf 91' lang='lat' dir='ltr'>qui</span> <span class='ocrx_word' id='word_1_69' title='bbox 686 1197 804 1238; x_wconf 88' lang='lat' dir='ltr'>non</span> <span class='ocrx_word' id='word_1_70' title='bbox 842 1183 900 1238; x_wconf 87' lang='lat' dir='ltr'>in</span> <span class='ocrx_word' id='word_1_71' title='bbox 932 1178 1117 1240; x_wconf 86' lang='lat' dir='ltr'>Coelo</span> <span class='ocrx_word' id='word_1_72' title='bbox 1154 1186 1308 1237; x_wconf 86' lang='lat' dir='ltr'>sunt.</span> <span class='ocrx_word' id='word_1_73' title='bbox 1382 1177 1532 1238; x_wconf 88' lang='lat' dir='ltr'>Cum</span> <span class='ocrx_word' id='word_1_74' title='bbox 1568 1178 1877 1254; x_wconf 84' lang='lat' dir='ltr'>spiritibus</span> <span class='ocrx_word' id='word_1_75' title='bbox 1927 1179 2000 1238; x_wconf 89' lang='lat' dir='ltr'>de</span> <span class='ocrx_word' id='word_1_76' title='bbox 2041 1181 2251 1240; x_wconf 89' lang='lat' dir='ltr'>eadem</span> <span class='ocrx_word' id='word_1_77' title='bbox 2285 1181 2400 1241; x_wconf 87' lang='lat' dir='ltr'>hac</span> 
     </span>
     <span class='ocr_line' id='line_1_9' title="bbox 290 1279 2402 1357; baseline 0.001 -18"><span class='ocrx_word' id='word_1_78' title='bbox 290 1298 363 1339; x_wconf 85' lang='lat' dir='ltr'>re</span> <span class='ocrx_word' id='word_1_79' title='bbox 400 1281 575 1339; x_wconf 87' lang='lat' dir='ltr'>etiam</span> <span class='ocrx_word' id='word_1_80' title='bbox 604 1280 891 1356; x_wconf 84' lang='lat' dir='ltr'>loquutus</span> <span class='ocrx_word' id='word_1_81' title='bbox 928 1297 1089 1355; x_wconf 84' lang='lat' dir='ltr'>sum,</span> <span class='ocrx_word' id='word_1_82' title='bbox 1146 1280 1256 1339; x_wconf 85' lang='lat' dir='ltr'>sed</span> <span class='ocrx_word' id='word_1_83' title='bbox 1288 1279 1377 1337; x_wconf 83' lang='lat' dir='ltr'>illi</span> <span class='ocrx_word' id='word_1_84' title='bbox 1403 1298 1523 1338; x_wconf 88' lang='lat' dir='ltr'>non</span> <span class='ocrx_word' id='word_1_85' title='bbox 1559 1279 1804 1339; x_wconf 79' lang='lat' dir='ltr'>credere</span> <span class='ocrx_word' id='word_1_86' title='bbox 1848 1279 2190 1356; x_wconf 86' lang='lat' dir='ltr'>voluerunt,</span> <span class='ocrx_word' id='word_1_87' title='bbox 2243 1281 2402 1357; x_wconf 86' lang='lat' dir='ltr'>quod</span> 
     </span>
    </p>
   </div>
   <div class='ocr_carea' id='block_1_3' title="bbox 290 1379 2502 1460">
    <p class='ocr_par' dir='ltr' id='par_1_3' title="bbox 290 1379 2502 1460">
     <span class='ocr_line' id='line_1_10' title="bbox 290 1379 2502 1460; baseline 0.001 -21"><span class='ocrx_word' id='word_1_88' title='bbox 290 1379 472 1439; x_wconf 86' lang='lat' dir='ltr'>homo</span> <span class='ocrx_word' id='word_1_89' title='bbox 508 1380 790 1456; x_wconf 89' lang='lat' dir='ltr'>loquatur</span> <span class='ocrx_word' id='word_1_90' title='bbox 822 1382 935 1439; x_wconf 89' lang='lat' dir='ltr'>sed</span> <span class='ocrx_word' id='word_1_91' title='bbox 968 1381 1054 1440; x_wconf 89' lang='lat' dir='ltr'>illi</span> <span class='ocrx_word' id='word_1_92' title='bbox 1099 1382 1160 1439; x_wconf 90' lang='lat' dir='ltr'>in</span> <span class='ocrx_word' id='word_1_93' title='bbox 1204 1380 1470 1455; x_wconf 89' lang='lat' dir='ltr'>homine,</span> <span class='ocrx_word' id='word_1_94' title='bbox 1526 1387 1651 1439; x_wconf 91' lang='lat' dir='ltr'>tum</span> <span class='ocrx_word' id='word_1_95' title='bbox 1689 1379 1849 1457; x_wconf 93' lang='lat' dir='ltr'>quod</span> <span class='ocrx_word' id='word_1_96' title='bbox 1879 1381 2055 1439; x_wconf 87' lang='lat' dir='ltr'>homo</span> <span class='ocrx_word' id='word_1_97' title='bbox 2091 1399 2209 1440; x_wconf 89' lang='lat' dir='ltr'>non</span> <span class='ocrx_word' id='word_1_98' title='bbox 2250 1384 2402 1441; x_wconf 87' lang='lat' dir='ltr'>sciat</span> <span class='ocrx_word' id='word_1_99' title='bbox 2443 1452 2452 1460; x_wconf 24' lang='grc' dir='ltr'>ι</span> <span class='ocrx_word' id='word_1_100' title='bbox 2499 1428 2502 1431; x_wconf 88' lang='grc'>-</span> 
     </span>
    </p>
   </div>
   <div class='ocr_carea' id='block_1_4' title="bbox 286 1480 2408 4277">
    <p class='ocr_par' dir='ltr' id='par_1_4' title="bbox 289 1480 2400 1945">
     <span class='ocr_line' id='line_1_11' title="bbox 291 1480 2400 1557; baseline 0 -17"><span class='ocrx_word' id='word_1_101' title='bbox 291 1498 451 1557; x_wconf 87' lang='lat' dir='ltr'>quae</span> <span class='ocrx_word' id='word_1_102' title='bbox 488 1484 633 1555; x_wconf 91' lang='lat' dir='ltr'>scit,</span> <span class='ocrx_word' id='word_1_103' title='bbox 685 1481 795 1541; x_wconf 90' lang='lat' dir='ltr'>sed</span> <span class='ocrx_word' id='word_1_104' title='bbox 829 1482 945 1555; x_wconf 92' lang='lat' dir='ltr'>illi,</span> <span class='ocrx_word' id='word_1_105' title='bbox 1016 1490 1075 1542; x_wconf 90' lang='lat' dir='ltr'>et</span> <span class='ocrx_word' id='word_1_106' title='bbox 1115 1484 1201 1541; x_wconf 87' lang='lat' dir='ltr'>sic</span> <span class='ocrx_word' id='word_1_107' title='bbox 1240 1481 1397 1556; x_wconf 89' lang='lat' dir='ltr'>quod</span> <span class='ocrx_word' id='word_1_108' title='bbox 1439 1484 1636 1541; x_wconf 86' lang='lat' dir='ltr'>omnia</span> <span class='ocrx_word' id='word_1_109' title='bbox 1677 1499 1830 1557; x_wconf 92' lang='lat' dir='ltr'>quae</span> <span class='ocrx_word' id='word_1_110' title='bbox 1866 1480 2042 1542; x_wconf 90' lang='lat' dir='ltr'>homo</span> <span class='ocrx_word' id='word_1_111' title='bbox 2084 1485 2248 1543; x_wconf 83' lang='lat' dir='ltr'>novit</span> <span class='ocrx_word' id='word_1_112' title='bbox 2280 1485 2400 1542; x_wconf 90' lang='lat' dir='ltr'>sint</span> 
     </span>
     <span class='ocr_line' id='line_1_12' title="bbox 291 1581 2398 1659; baseline 0.001 -19"><span class='ocrx_word' id='word_1_113' title='bbox 291 1582 370 1640; x_wconf 89' lang='lat' dir='ltr'>ab</span> <span class='ocrx_word' id='word_1_114' title='bbox 405 1581 559 1657; x_wconf 83' lang='lat' dir='ltr'>illis3</span> <span class='ocrx_word' id='word_1_115' title='bbox 610 1581 774 1640; x_wconf 77' lang='lat' dir='ltr'>volui</span> <span class='ocrx_word' id='word_1_116' title='bbox 807 1583 1081 1659; x_wconf 90' lang='lat' dir='ltr'>pluribus</span> <span class='ocrx_word' id='word_1_117' title='bbox 1121 1585 1394 1642; x_wconf 88' lang='lat' dir='ltr'>evincere</span> <span class='ocrx_word' id='word_1_118' title='bbox 1437 1582 1598 1657; x_wconf 91' lang='lat' dir='ltr'>quod</span> <span class='ocrx_word' id='word_1_119' title='bbox 1632 1600 1751 1641; x_wconf 88' lang='lat' dir='ltr'>nou</span> <span class='ocrx_word' id='word_1_120' title='bbox 1784 1584 1869 1640; x_wconf 87' lang='lat' dir='ltr'>ita</span> <span class='ocrx_word' id='word_1_121' title='bbox 1904 1584 2000 1658; x_wconf 87' lang='lat' dir='ltr'>sit,</span> <span class='ocrx_word' id='word_1_122' title='bbox 2050 1583 2162 1642; x_wconf 88' lang='lat' dir='ltr'>sed</span> <span class='ocrx_word' id='word_1_123' title='bbox 2194 1586 2398 1644; x_wconf 88' lang='lat' dir='ltr'>incas-</span> 
     </span>
     <span class='ocr_line' id='line_1_13' title="bbox 290 1682 2399 1761; baseline 0.001 -18"><span class='ocrx_word' id='word_1_124' title='bbox 290 1699 446 1743; x_wconf 68' lang='lat' dir='ltr'>sum.</span> <span class='ocrx_word' id='word_1_125' title='bbox 529 1682 786 1759; x_wconf 81' lang='lat' dir='ltr'>Quinam</span> <span class='ocrx_word' id='word_1_126' title='bbox 837 1683 1248 1760; x_wconf 87' lang='lat' dir='ltr'>intelliguntur</span> <span class='ocrx_word' id='word_1_127' title='bbox 1292 1701 1402 1760; x_wconf 90' lang='lat' dir='ltr'>per</span> <span class='ocrx_word' id='word_1_128' title='bbox 1439 1682 1696 1759; x_wconf 85' lang='lat' dir='ltr'>Spiritus</span> <span class='ocrx_word' id='word_1_129' title='bbox 1736 1690 1795 1741; x_wconf 92' lang='lat' dir='ltr'>et</span> <span class='ocrx_word' id='word_1_130' title='bbox 1839 1685 2079 1759; x_wconf 86' lang='lat' dir='ltr'>quinam</span> <span class='ocrx_word' id='word_1_131' title='bbox 2123 1703 2235 1761; x_wconf 88' lang='lat' dir='ltr'>per</span> <span class='ocrx_word' id='word_1_132' title='bbox 2269 1685 2399 1745; x_wconf 86' lang='lat' dir='ltr'>An-</span> 
     </span>
     <span class='ocr_line' id='line_1_14' title="bbox 290 1782 2397 1862; baseline 0.001 -20"><span class='ocrx_word' id='word_1_133' title='bbox 290 1782 494 1862; x_wconf 88' lang='lat' dir='ltr'>gelos,</span> <span class='ocrx_word' id='word_1_134' title='bbox 545 1786 607 1842; x_wconf 91' lang='lat' dir='ltr'>in</span> <span class='ocrx_word' id='word_1_135' title='bbox 650 1784 1041 1859; x_wconf 89' lang='lat' dir='ltr'>sequentibus</span> <span class='ocrx_word' id='word_1_136' title='bbox 1079 1784 1181 1843; x_wconf 89' lang='lat' dir='ltr'>ubi</span> <span class='ocrx_word' id='word_1_137' title='bbox 1216 1784 1289 1843; x_wconf 90' lang='lat' dir='ltr'>de</span> <span class='ocrx_word' id='word_1_138' title='bbox 1326 1783 1549 1842; x_wconf 89' lang='lat' dir='ltr'>Mundo</span> <span class='ocrx_word' id='word_1_139' title='bbox 1596 1786 1912 1859; x_wconf 84' lang='lat' dir='ltr'>spirituum</span> <span class='ocrx_word' id='word_1_140' title='bbox 1953 1785 2248 1862; x_wconf 83' lang='lat' dir='ltr'>agendum</span> <span class='ocrx_word' id='word_1_141' title='bbox 2288 1793 2397 1861; x_wconf 88' lang='lat' dir='ltr'>est,</span> 
     </span>
     <span class='ocr_line' id='line_1_15' title="bbox 289 1886 541 1945; baseline -0.012 0"><span class='ocrx_word' id='word_1_142' title='bbox 289 1886 541 1945; x_wconf 82' lang='lat' dir='ltr'>dicetur.</span> 
     </span>
    </p>

    <p class='ocr_par' dir='ltr' id='par_1_5' title="bbox 287 1977 2404 3172">
     <span class='ocr_line' id='line_1_16' title="bbox 452 1977 2402 2063; baseline 0.001 -19"><span class='ocrx_word' id='word_1_143' title='bbox 452 1987 615 2057; x_wconf 65' lang='lat'>247.</span> <span class='ocrx_word' id='word_1_144' title='bbox 686 1985 863 2062; x_wconf 84' lang='lat' dir='ltr'>Quod</span> <span class='ocrx_word' id='word_1_145' title='bbox 897 1984 1116 2063; x_wconf 89' lang='lat' dir='ltr'>Angeli</span> <span class='ocrx_word' id='word_1_146' title='bbox 1152 1991 1212 2045; x_wconf 90' lang='lat' dir='ltr'>et</span> <span class='ocrx_word' id='word_1_147' title='bbox 1245 1985 1502 2061; x_wconf 84' lang='lat' dir='ltr'>Spiritus</span> <span class='ocrx_word' id='word_1_148' title='bbox 1540 2002 1606 2044; x_wconf 87' lang='lat' dir='ltr'>se</span> <span class='ocrx_word' id='word_1_149' title='bbox 1658 1977 1779 2044; x_wconf 83' lang='lat' dir='ltr'>tam</span> <span class='ocrx_word' id='word_1_150' title='bbox 1829 1993 1991 2046; x_wconf 86' lang='lat' dir='ltr'>arcte</span> <span class='ocrx_word' id='word_1_151' title='bbox 2040 1986 2402 2063; x_wconf 84' lang='lat' dir='ltr'>conjungant</span> 
     </span>
     <span class='ocr_line' id='line_1_17' title="bbox 292 2085 2398 2163; baseline 0.001 -19"><span class='ocrx_word' id='word_1_152' title='bbox 292 2103 432 2145; x_wconf 90' lang='lat' dir='ltr'>cum</span> <span class='ocrx_word' id='word_1_153' title='bbox 457 2085 723 2162; x_wconf 86' lang='lat' dir='ltr'>homine,</span> <span class='ocrx_word' id='word_1_154' title='bbox 781 2104 974 2163; x_wconf 90' lang='lat' dir='ltr'>usque</span> <span class='ocrx_word' id='word_1_155' title='bbox 1011 2093 1076 2145; x_wconf 90' lang='lat' dir='ltr'>ut</span> <span class='ocrx_word' id='word_1_156' title='bbox 1111 2103 1230 2145; x_wconf 92' lang='lat' dir='ltr'>non</span> <span class='ocrx_word' id='word_1_157' title='bbox 1265 2086 1439 2145; x_wconf 89' lang='lat' dir='ltr'>aliter</span> <span class='ocrx_word' id='word_1_158' title='bbox 1466 2088 1683 2161; x_wconf 87' lang='lat' dir='ltr'>sciant,</span> <span class='ocrx_word' id='word_1_159' title='bbox 1746 2103 1920 2163; x_wconf 88' lang='lat' dir='ltr'>quam</span> <span class='ocrx_word' id='word_1_160' title='bbox 1960 2105 2115 2163; x_wconf 90' lang='lat' dir='ltr'>quae</span> <span class='ocrx_word' id='word_1_161' title='bbox 2143 2086 2398 2146; x_wconf 84' lang='lat' dir='ltr'>hominis</span> 
     </span>
     <span class='ocr_line' id='line_1_18' title="bbox 291 2172 2404 2265; baseline 0 -19"><span class='ocrx_word' id='word_1_162' title='bbox 291 2195 435 2246; x_wconf 87' lang='lat' dir='ltr'>sunt</span> <span class='ocrx_word' id='word_1_163' title='bbox 477 2203 590 2244; x_wconf 88' lang='lat' dir='ltr'>sua</span> <span class='ocrx_word' id='word_1_164' title='bbox 638 2189 774 2258; x_wconf 89' lang='lat' dir='ltr'>sint,</span> <span class='ocrx_word' id='word_1_165' title='bbox 827 2195 920 2247; x_wconf 89' lang='lat' dir='ltr'>est</span> <span class='ocrx_word' id='word_1_166' title='bbox 968 2205 1204 2264; x_wconf 90' lang='lat' dir='ltr'>quoque</span> <span class='ocrx_word' id='word_1_167' title='bbox 1251 2204 1467 2260; x_wconf 89' lang='lat' dir='ltr'>causa,</span> <span class='ocrx_word' id='word_1_168' title='bbox 1551 2189 1692 2263; x_wconf 91' lang='lat' dir='ltr'>quia</span> <span class='ocrx_word' id='word_1_169' title='bbox 1739 2172 2076 2265; x_wconf 80' lang='lat' dir='ltr'>conjunctio</span> <span class='ocrx_word' id='word_1_170' title='bbox 2124 2187 2261 2247; x_wconf 88' lang='lat' dir='ltr'>talis</span> <span class='ocrx_word' id='word_1_171' title='bbox 2309 2194 2404 2248; x_wconf 86' lang='lat' dir='ltr'>est</span> 
     </span>
     <span class='ocr_line' id='line_1_19' title="bbox 289 2288 2401 2364; baseline 0 -17"><span class='ocrx_word' id='word_1_172' title='bbox 289 2292 448 2347; x_wconf 89' lang='lat' dir='ltr'>inter</span> <span class='ocrx_word' id='word_1_173' title='bbox 495 2289 871 2364; x_wconf 86' lang='lat' dir='ltr'>spiritualem</span> <span class='ocrx_word' id='word_1_174' title='bbox 916 2295 977 2347; x_wconf 86' lang='lat' dir='ltr'>et</span> <span class='ocrx_word' id='word_1_175' title='bbox 1023 2288 1359 2350; x_wconf 83' lang='lat' dir='ltr'>naturalem</span> <span class='ocrx_word' id='word_1_176' title='bbox 1407 2289 1694 2347; x_wconf 87' lang='lat' dir='ltr'>mundum</span> <span class='ocrx_word' id='word_1_177' title='bbox 1748 2289 1910 2364; x_wconf 88' lang='lat' dir='ltr'>apud</span> <span class='ocrx_word' id='word_1_178' title='bbox 1956 2290 2286 2359; x_wconf 89' lang='lat' dir='ltr'>hominem,</span> <span class='ocrx_word' id='word_1_179' title='bbox 2334 2296 2401 2347; x_wconf 90' lang='lat' dir='ltr'>ut</span> 
     </span>
     <span class='ocr_line' id='line_1_20' title="bbox 293 2388 2398 2465; baseline 0.001 -20"><span class='ocrx_word' id='word_1_180' title='bbox 293 2390 469 2464; x_wconf 92' lang='lat' dir='ltr'>quasi</span> <span class='ocrx_word' id='word_1_181' title='bbox 504 2405 686 2448; x_wconf 89' lang='lat' dir='ltr'>unum</span> <span class='ocrx_word' id='word_1_182' title='bbox 715 2392 864 2448; x_wconf 88' lang='lat' dir='ltr'>sint:</span> <span class='ocrx_word' id='word_1_183' title='bbox 924 2395 986 2447; x_wconf 89' lang='lat' dir='ltr'>at</span> <span class='ocrx_word' id='word_1_184' title='bbox 1020 2391 1161 2465; x_wconf 90' lang='lat' dir='ltr'>quia</span> <span class='ocrx_word' id='word_1_185' title='bbox 1195 2388 1371 2447; x_wconf 88' lang='lat' dir='ltr'>homo</span> <span class='ocrx_word' id='word_1_186' title='bbox 1408 2405 1475 2448; x_wconf 84' lang='lat' dir='ltr'>se</span> <span class='ocrx_word' id='word_1_187' title='bbox 1513 2397 1906 2464; x_wconf 82' lang='lat' dir='ltr'>separaverat</span> <span class='ocrx_word' id='word_1_188' title='bbox 1941 2408 1978 2447; x_wconf 89' lang='lat' dir='ltr'>a</span> <span class='ocrx_word' id='word_1_189' title='bbox 2014 2389 2202 2459; x_wconf 85' lang='lat' dir='ltr'>coe10,</span> <span class='ocrx_word' id='word_1_190' title='bbox 2250 2406 2398 2464; x_wconf 92' lang='lat' dir='ltr'>pro-</span> 
     </span>
     <span class='ocr_line' id='line_1_21' title="bbox 290 2488 2403 2566; baseline -0 -19"><span class='ocrx_word' id='word_1_191' title='bbox 290 2490 491 2548; x_wconf 86' lang='lat' dir='ltr'>visum</span> <span class='ocrx_word' id='word_1_192' title='bbox 527 2497 620 2547; x_wconf 88' lang='lat' dir='ltr'>cst</span> <span class='ocrx_word' id='word_1_193' title='bbox 654 2508 692 2548; x_wconf 90' lang='lat' dir='ltr'>a</span> <span class='ocrx_word' id='word_1_194' title='bbox 728 2490 1015 2565; x_wconf 88' lang='lat' dir='ltr'>Domino,</span> <span class='ocrx_word' id='word_1_195' title='bbox 1063 2495 1132 2546; x_wconf 91' lang='lat' dir='ltr'>ut</span> <span class='ocrx_word' id='word_1_196' title='bbox 1166 2488 1329 2566; x_wconf 90' lang='lat' dir='ltr'>apud</span> <span class='ocrx_word' id='word_1_197' title='bbox 1363 2491 1820 2565; x_wconf 87' lang='lat' dir='ltr'>unumquemvis</span> <span class='ocrx_word' id='word_1_198' title='bbox 1864 2489 2162 2547; x_wconf 88' lang='lat' dir='ltr'>hominem</span> <span class='ocrx_word' id='word_1_199' title='bbox 2202 2494 2403 2547; x_wconf 85' lang='lat' dir='ltr'>essent</span> 
     </span>
     <span class='ocr_line' id='line_1_22' title="bbox 290 2588 2396 2669; baseline -0 -20"><span class='ocrx_word' id='word_1_200' title='bbox 290 2589 492 2667; x_wconf 87' lang='lat' dir='ltr'>angeli</span> <span class='ocrx_word' id='word_1_201' title='bbox 534 2598 593 2650; x_wconf 90' lang='lat' dir='ltr'>et</span> <span class='ocrx_word' id='word_1_202' title='bbox 627 2593 907 2669; x_wconf 71' lang='lat' dir='ltr'>spirituS,</span> <span class='ocrx_word' id='word_1_203' title='bbox 962 2596 1022 2649; x_wconf 91' lang='lat' dir='ltr'>et</span> <span class='ocrx_word' id='word_1_204' title='bbox 1066 2590 1225 2666; x_wconf 92' lang='lat' dir='ltr'>quod</span> <span class='ocrx_word' id='word_1_205' title='bbox 1259 2588 1436 2649; x_wconf 87' lang='lat' dir='ltr'>homo</span> <span class='ocrx_word' id='word_1_206' title='bbox 1473 2608 1584 2665; x_wconf 88' lang='lat' dir='ltr'>per</span> <span class='ocrx_word' id='word_1_207' title='bbox 1615 2589 1749 2648; x_wconf 90' lang='lat' dir='ltr'>illos</span> <span class='ocrx_word' id='word_1_208' title='bbox 1788 2609 1824 2648; x_wconf 92' lang='lat' dir='ltr'>a</span> <span class='ocrx_word' id='word_1_209' title='bbox 1858 2591 2114 2648; x_wconf 89' lang='lat' dir='ltr'>Domino</span> <span class='ocrx_word' id='word_1_210' title='bbox 2151 2606 2396 2665; x_wconf 86' lang='lat' dir='ltr'>regere-</span> 
     </span>
     <span class='ocr_line' id='line_1_23' title="bbox 290 2688 2399 2769; baseline 0 -21"><span class='ocrx_word' id='word_1_211' title='bbox 290 2701 422 2761; x_wconf 86' lang='lat' dir='ltr'>tur,</span> <span class='ocrx_word' id='word_1_212' title='bbox 480 2700 728 2769; x_wconf 85' lang='lat' dir='ltr'>propter</span> <span class='ocrx_word' id='word_1_213' title='bbox 777 2710 910 2753; x_wconf 88' lang='lat' dir='ltr'>eam</span> <span class='ocrx_word' id='word_1_214' title='bbox 959 2707 1206 2750; x_wconf 85' lang='lat' dir='ltr'>causam</span> <span class='ocrx_word' id='word_1_215' title='bbox 1258 2697 1352 2749; x_wconf 87' lang='lat' dir='ltr'>est</span> <span class='ocrx_word' id='word_1_216' title='bbox 1394 2696 1515 2748; x_wconf 88' lang='lat' dir='ltr'>tam</span> <span class='ocrx_word' id='word_1_217' title='bbox 1563 2698 1729 2748; x_wconf 85' lang='lat' dir='ltr'>arcta</span> <span class='ocrx_word' id='word_1_218' title='bbox 1778 2691 2132 2767; x_wconf 76' lang='lat' dir='ltr'>conjunctio,</span> <span class='ocrx_word' id='word_1_219' title='bbox 2205 2688 2399 2749; x_wconf 88' lang='lat' dir='ltr'>Aliter</span> 
     </span>
     <span class='ocr_line' id='line_1_24' title="bbox 288 2791 2403 2868; baseline -0 -17"><span class='ocrx_word' id='word_1_220' title='bbox 288 2793 538 2865; x_wconf 85' lang='lat' dir='ltr'>fuisset,</span> <span class='ocrx_word' id='word_1_221' title='bbox 596 2795 648 2852; x_wconf 89' lang='lat' dir='ltr'>si</span> <span class='ocrx_word' id='word_1_222' title='bbox 690 2792 866 2853; x_wconf 90' lang='lat' dir='ltr'>homo</span> <span class='ocrx_word' id='word_1_223' title='bbox 922 2809 1038 2851; x_wconf 90' lang='lat' dir='ltr'>non</span> <span class='ocrx_word' id='word_1_224' title='bbox 1083 2807 1149 2851; x_wconf 88' lang='lat' dir='ltr'>se</span> <span class='ocrx_word' id='word_1_225' title='bbox 1198 2794 1646 2868; x_wconf 77' lang='lat' dir='ltr'>separavisset,</span> <span class='ocrx_word' id='word_1_226' title='bbox 1710 2797 1850 2851; x_wconf 86' lang='lat' dir='ltr'>tunc</span> <span class='ocrx_word' id='word_1_227' title='bbox 1907 2792 2063 2850; x_wconf 86' lang='lat' dir='ltr'>enim</span> <span class='ocrx_word' id='word_1_228' title='bbox 2104 2791 2403 2868; x_wconf 88' lang='lat' dir='ltr'>potuisset</span> 
     </span>
     <span class='ocr_line' id='line_1_25' title="bbox 288 2891 2400 2971; baseline 0 -20"><span class='ocrx_word' id='word_1_229' title='bbox 288 2891 394 2951; x_wconf 89' lang='lat' dir='ltr'>ille</span> <span class='ocrx_word' id='word_1_230' title='bbox 436 2895 565 2970; x_wconf 87' lang='lat' dir='ltr'>regi</span> <span class='ocrx_word' id='word_1_231' title='bbox 613 2912 721 2971; x_wconf 89' lang='lat' dir='ltr'>per</span> <span class='ocrx_word' id='word_1_232' title='bbox 767 2895 1055 2952; x_wconf 76' lang='lat' dir='ltr'>influxum</span> <span class='ocrx_word' id='word_1_233' title='bbox 1091 2909 1465 2951; x_wconf 87' lang='lat' dir='ltr'>communem</span> <span class='ocrx_word' id='word_1_234' title='bbox 1516 2909 1555 2950; x_wconf 87' lang='lat' dir='ltr'>a</span> <span class='ocrx_word' id='word_1_235' title='bbox 1595 2892 1763 2952; x_wconf 89' lang='lat' dir='ltr'>coelo</span> <span class='ocrx_word' id='word_1_236' title='bbox 1806 2910 1841 2950; x_wconf 93' lang='lat' dir='ltr'>a</span> <span class='ocrx_word' id='word_1_237' title='bbox 1876 2892 2134 2952; x_wconf 90' lang='lat' dir='ltr'>Domino</span> <span class='ocrx_word' id='word_1_238' title='bbox 2170 2892 2400 2968; x_wconf 88' lang='lat' dir='ltr'>absque</span> 
     </span>
     <span class='ocr_line' id='line_1_26' title="bbox 291 2991 2400 3071; baseline 0 -19"><span class='ocrx_word' id='word_1_239' title='bbox 291 2993 606 3069; x_wconf 84' lang='lat' dir='ltr'>spiritibus</span> <span class='ocrx_word' id='word_1_240' title='bbox 641 3003 700 3054; x_wconf 89' lang='lat' dir='ltr'>et</span> <span class='ocrx_word' id='word_1_241' title='bbox 735 2993 964 3070; x_wconf 87' lang='lat' dir='ltr'>angelis</span> <span class='ocrx_word' id='word_1_242' title='bbox 1011 2995 1066 3053; x_wconf 92' lang='lat' dir='ltr'>ei</span> <span class='ocrx_word' id='word_1_243' title='bbox 1111 2994 1427 3071; x_wconf 77' lang='lat' dir='ltr'>adJunctis.</span> <span class='ocrx_word' id='word_1_244' title='bbox 1513 2991 1636 3053; x_wconf 91' lang='lat' dir='ltr'>Sed</span> <span class='ocrx_word' id='word_1_245' title='bbox 1685 2993 1759 3053; x_wconf 92' lang='lat' dir='ltr'>de</span> <span class='ocrx_word' id='word_1_246' title='bbox 1809 2994 1923 3052; x_wconf 89' lang='lat' dir='ltr'>hac</span> <span class='ocrx_word' id='word_1_247' title='bbox 1972 3011 2037 3053; x_wconf 88' lang='lat' dir='ltr'>re</span> <span class='ocrx_word' id='word_1_248' title='bbox 2087 2994 2149 3052; x_wconf 88' lang='lat' dir='ltr'>in</span> <span class='ocrx_word' id='word_1_249' title='bbox 2192 2995 2400 3070; x_wconf 87' lang='lat' dir='ltr'>specie</span> 
     </span>
     <span class='ocr_line' id='line_1_27' title="bbox 287 3093 2195 3172; baseline -0.001 -19"><span class='ocrx_word' id='word_1_250' title='bbox 287 3096 351 3153; x_wconf 87' lang='lat' dir='ltr'>in</span> <span class='ocrx_word' id='word_1_251' title='bbox 378 3095 799 3171; x_wconf 75' lang='lat' dir='ltr'>sequentibuS,</span> <span class='ocrx_word' id='word_1_252' title='bbox 850 3094 952 3153; x_wconf 90' lang='lat' dir='ltr'>ubi</span> <span class='ocrx_word' id='word_1_253' title='bbox 992 3094 1065 3154; x_wconf 87' lang='lat' dir='ltr'>de</span> <span class='ocrx_word' id='word_1_254' title='bbox 1110 3096 1525 3172; x_wconf 88' lang='lat' dir='ltr'>conjunctione</span> <span class='ocrx_word' id='word_1_255' title='bbox 1568 3093 1735 3153; x_wconf 87' lang='lat' dir='ltr'>Coeli</span> <span class='ocrx_word' id='word_1_256' title='bbox 1770 3112 1907 3154; x_wconf 89' lang='lat' dir='ltr'>cum</span> <span class='ocrx_word' id='word_1_257' title='bbox 1939 3095 2195 3153; x_wconf 87' lang='lat' dir='ltr'>homine.</span> 
     </span>
    </p>

    <p class='ocr_par' dir='ltr' id='par_1_6' title="bbox 286 3177 2408 4277">
     <span class='ocr_line' id='line_1_28' title="bbox 454 3177 2403 3271; baseline -0.002 -16"><span class='ocrx_word' id='word_1_258' title='bbox 454 3198 617 3255; x_wconf 82' lang='lat'>248.</span> <span class='ocrx_word' id='word_1_259' title='bbox 693 3177 965 3271; x_wconf 88' lang='lat' dir='ltr'>Loquela</span> <span class='ocrx_word' id='word_1_260' title='bbox 1001 3195 1219 3271; x_wconf 87' lang='lat' dir='ltr'>Angeli</span> <span class='ocrx_word' id='word_1_261' title='bbox 1268 3202 1373 3253; x_wconf 89' lang='lat' dir='ltr'>aut</span> <span class='ocrx_word' id='word_1_262' title='bbox 1419 3194 1679 3271; x_wconf 84' lang='lat' dir='ltr'>Spiritus</span> <span class='ocrx_word' id='word_1_263' title='bbox 1722 3214 1855 3255; x_wconf 86' lang='lat' dir='ltr'>cum</span> <span class='ocrx_word' id='word_1_264' title='bbox 1889 3193 2128 3255; x_wconf 88' lang='lat' dir='ltr'>homine</span> <span class='ocrx_word' id='word_1_265' title='bbox 2165 3194 2403 3254; x_wconf 88' lang='lat' dir='ltr'>auditur</span> 
     </span>
     <span class='ocr_line' id='line_1_29' title="bbox 290 3295 2403 3373; baseline 0 -21"><span class='ocrx_word' id='word_1_266' title='bbox 290 3302 417 3353; x_wconf 89' lang='lat' dir='ltr'>tam</span> <span class='ocrx_word' id='word_1_267' title='bbox 453 3312 669 3355; x_wconf 88' lang='lat' dir='ltr'>sonore</span> <span class='ocrx_word' id='word_1_268' title='bbox 721 3298 878 3355; x_wconf 83' lang='lat' dir='ltr'>sicut</span> <span class='ocrx_word' id='word_1_269' title='bbox 916 3295 1161 3373; x_wconf 84' lang='lat' dir='ltr'>loquela</span> <span class='ocrx_word' id='word_1_270' title='bbox 1193 3296 1448 3355; x_wconf 83' lang='lat' dir='ltr'>hominis</span> <span class='ocrx_word' id='word_1_271' title='bbox 1506 3314 1642 3355; x_wconf 87' lang='lat' dir='ltr'>cum</span> <span class='ocrx_word' id='word_1_272' title='bbox 1687 3296 1959 3369; x_wconf 90' lang='lat' dir='ltr'>homine,</span> <span class='ocrx_word' id='word_1_273' title='bbox 2028 3313 2236 3355; x_wconf 77' lang='lat' dir='ltr'>verum</span> <span class='ocrx_word' id='word_1_274' title='bbox 2282 3311 2403 3353; x_wconf 85' lang='lat' dir='ltr'>non</span> 
     </span>
     <span class='ocr_line' id='line_1_30' title="bbox 292 3394 2404 3473; baseline -0.001 -19"><span class='ocrx_word' id='word_1_275' title='bbox 292 3394 538 3455; x_wconf 88' lang='lat' dir='ltr'>auditur</span> <span class='ocrx_word' id='word_1_276' title='bbox 565 3397 640 3455; x_wconf 90' lang='lat' dir='ltr'>ab</span> <span class='ocrx_word' id='word_1_277' title='bbox 677 3397 810 3456; x_wconf 86' lang='lat' dir='ltr'>aliis</span> <span class='ocrx_word' id='word_1_278' title='bbox 841 3399 943 3472; x_wconf 90' lang='lat' dir='ltr'>qui</span> <span class='ocrx_word' id='word_1_279' title='bbox 972 3397 1228 3471; x_wconf 88' lang='lat' dir='ltr'>adstant,</span> <span class='ocrx_word' id='word_1_280' title='bbox 1282 3396 1393 3455; x_wconf 87' lang='lat' dir='ltr'>sed</span> <span class='ocrx_word' id='word_1_281' title='bbox 1430 3414 1466 3453; x_wconf 91' lang='lat' dir='ltr'>a</span> <span class='ocrx_word' id='word_1_282' title='bbox 1501 3396 1631 3455; x_wconf 89' lang='lat' dir='ltr'>solo</span> <span class='ocrx_word' id='word_1_283' title='bbox 1657 3398 1823 3473; x_wconf 88' lang='lat' dir='ltr'>ipso:</span> <span class='ocrx_word' id='word_1_284' title='bbox 1878 3412 2065 3455; x_wconf 88' lang='lat' dir='ltr'>causa</span> <span class='ocrx_word' id='word_1_285' title='bbox 2094 3400 2216 3468; x_wconf 87' lang='lat' dir='ltr'>est,</span> <span class='ocrx_word' id='word_1_286' title='bbox 2261 3395 2404 3469; x_wconf 90' lang='lat' dir='ltr'>quia</span> 
     </span>
     <span class='ocr_line' id='line_1_31' title="bbox 289 3493 2403 3574; baseline -0.001 -20"><span class='ocrx_word' id='word_1_287' title='bbox 289 3496 535 3572; x_wconf 88' lang='lat' dir='ltr'>loquela</span> <span class='ocrx_word' id='word_1_288' title='bbox 586 3498 785 3574; x_wconf 84' lang='lat' dir='ltr'>angeli</span> <span class='ocrx_word' id='word_1_289' title='bbox 833 3513 943 3556; x_wconf 88' lang='lat' dir='ltr'>seu</span> <span class='ocrx_word' id='word_1_290' title='bbox 991 3499 1240 3572; x_wconf 88' lang='lat' dir='ltr'>spiritus</span> <span class='ocrx_word' id='word_1_291' title='bbox 1288 3496 1477 3556; x_wconf 85' lang='lat' dir='ltr'>influit</span> <span class='ocrx_word' id='word_1_292' title='bbox 1537 3498 1794 3573; x_wconf 87' lang='lat' dir='ltr'>primum</span> <span class='ocrx_word' id='word_1_293' title='bbox 1856 3499 1916 3554; x_wconf 90' lang='lat' dir='ltr'>in</span> <span class='ocrx_word' id='word_1_294' title='bbox 1982 3493 2403 3570; x_wconf 84' lang='lat' dir='ltr'>cogitationem</span> 
     </span>
     <span class='ocr_line' id='line_1_32' title="bbox 288 3594 2406 3674; baseline -0.001 -20"><span class='ocrx_word' id='word_1_295' title='bbox 288 3595 577 3668; x_wconf 72' lang='lat' dir='ltr'>honiiniS,</span> <span class='ocrx_word' id='word_1_296' title='bbox 637 3605 696 3656; x_wconf 87' lang='lat' dir='ltr'>et</span> <span class='ocrx_word' id='word_1_297' title='bbox 730 3615 842 3674; x_wconf 89' lang='lat' dir='ltr'>per</span> <span class='ocrx_word' id='word_1_298' title='bbox 884 3600 1045 3656; x_wconf 85' lang='lat' dir='ltr'>viam</span> <span class='ocrx_word' id='word_1_299' title='bbox 1080 3599 1372 3656; x_wconf 89' lang='lat' dir='ltr'>internam</span> <span class='ocrx_word' id='word_1_300' title='bbox 1412 3599 1470 3653; x_wconf 90' lang='lat' dir='ltr'>in</span> <span class='ocrx_word' id='word_1_301' title='bbox 1510 3614 1797 3672; x_wconf 87' lang='lat' dir='ltr'>organum</span> <span class='ocrx_word' id='word_1_302' title='bbox 1835 3596 2075 3654; x_wconf 88' lang='lat' dir='ltr'>auditus</span> <span class='ocrx_word' id='word_1_303' title='bbox 2121 3594 2282 3670; x_wconf 84' lang='lat' dir='ltr'>ejuS,</span> <span class='ocrx_word' id='word_1_304' title='bbox 2344 3599 2406 3654; x_wconf 90' lang='lat' dir='ltr'>et</span> 
     </span>
     <span class='ocr_line' id='line_1_33' title="bbox 291 3693 2400 3773; baseline -0.001 -17"><span class='ocrx_word' id='word_1_305' title='bbox 291 3698 381 3756; x_wconf 88' lang='lat' dir='ltr'>sic</span> <span class='ocrx_word' id='word_1_306' title='bbox 418 3705 621 3761; x_wconf 87' lang='lat' dir='ltr'>movet</span> <span class='ocrx_word' id='word_1_307' title='bbox 653 3697 802 3757; x_wconf 87' lang='lat' dir='ltr'>illud</span> <span class='ocrx_word' id='word_1_308' title='bbox 839 3698 913 3756; x_wconf 89' lang='lat' dir='ltr'>ab</span> <span class='ocrx_word' id='word_1_309' title='bbox 952 3701 1266 3773; x_wconf 83' lang='lat' dir='ltr'>interiore3</span> <span class='ocrx_word' id='word_1_310' title='bbox 1320 3704 1383 3755; x_wconf 89' lang='lat' dir='ltr'>at</span> <span class='ocrx_word' id='word_1_311' title='bbox 1422 3696 1667 3772; x_wconf 90' lang='lat' dir='ltr'>loquela</span> <span class='ocrx_word' id='word_1_312' title='bbox 1700 3696 1954 3756; x_wconf 85' lang='lat' dir='ltr'>hominis</span> <span class='ocrx_word' id='word_1_313' title='bbox 1990 3712 2127 3754; x_wconf 89' lang='lat' dir='ltr'>cum</span> <span class='ocrx_word' id='word_1_314' title='bbox 2160 3693 2400 3754; x_wconf 89' lang='lat' dir='ltr'>homine</span> 
     </span>
     <span class='ocr_line' id='line_1_34' title="bbox 286 3797 2406 3875; baseline -0.001 -20"><span class='ocrx_word' id='word_1_315' title='bbox 286 3797 483 3856; x_wconf 87' lang='lat' dir='ltr'>influit</span> <span class='ocrx_word' id='word_1_316' title='bbox 530 3801 789 3875; x_wconf 83' lang='lat' dir='ltr'>primum</span> <span class='ocrx_word' id='word_1_317' title='bbox 835 3800 896 3856; x_wconf 91' lang='lat' dir='ltr'>in</span> <span class='ocrx_word' id='word_1_318' title='bbox 943 3801 1176 3867; x_wconf 63' lang='lat' dir='ltr'>aerem,</span> <span class='ocrx_word' id='word_1_319' title='bbox 1229 3805 1289 3857; x_wconf 90' lang='lat' dir='ltr'>et</span> <span class='ocrx_word' id='word_1_320' title='bbox 1323 3814 1434 3873; x_wconf 87' lang='lat' dir='ltr'>per</span> <span class='ocrx_word' id='word_1_321' title='bbox 1469 3799 1628 3855; x_wconf 87' lang='lat' dir='ltr'>viam</span> <span class='ocrx_word' id='word_1_322' title='bbox 1665 3803 1976 3855; x_wconf 83' lang='lat' dir='ltr'>externam</span> <span class='ocrx_word' id='word_1_323' title='bbox 2015 3797 2077 3855; x_wconf 90' lang='lat' dir='ltr'>in</span> <span class='ocrx_word' id='word_1_324' title='bbox 2116 3813 2406 3873; x_wconf 83' lang='lat' dir='ltr'>organum</span> 
     </span>
     <span class='ocr_line' id='line_1_35' title="bbox 289 3894 2408 3982; baseline -0 -28"><span class='ocrx_word' id='word_1_325' title='bbox 289 3897 531 3957; x_wconf 88' lang='lat' dir='ltr'>auditus</span> <span class='ocrx_word' id='word_1_326' title='bbox 576 3901 724 3976; x_wconf 76' lang='lat' dir='ltr'>ejuS,</span> <span class='ocrx_word' id='word_1_327' title='bbox 779 3906 839 3957; x_wconf 87' lang='lat' dir='ltr'>et</span> <span class='ocrx_word' id='word_1_328' title='bbox 884 3905 1086 3957; x_wconf 88' lang='lat' dir='ltr'>movet</span> <span class='ocrx_word' id='word_1_329' title='bbox 1124 3897 1275 3956; x_wconf 88' lang='lat' dir='ltr'>illud</span> <span class='ocrx_word' id='word_1_330' title='bbox 1311 3897 1386 3957; x_wconf 84' lang='lat' dir='ltr'>ab</span> <span class='ocrx_word' id='word_1_331' title='bbox 1431 3899 1725 3982; x_wconf 83' lang='lat' dir='ltr'>exteriore</span> <span class='ocrx_word' id='word_1_332' title='bbox 1739 3917 1756 3974; x_wconf 84' lang='lat'>3</span> <span class='ocrx_word' id='word_1_333' title='bbox 1816 3896 1954 3956; x_wconf 88' lang='lat' dir='ltr'>inde</span> <span class='ocrx_word' id='word_1_334' title='bbox 1984 3903 2187 3975; x_wconf 87' lang='lat' dir='ltr'>patet,</span> <span class='ocrx_word' id='word_1_335' title='bbox 2246 3894 2408 3975; x_wconf 88' lang='lat' dir='ltr'>quod</span> 
     </span>
     <span class='ocr_line' id='line_1_36' title="bbox 289 3997 2401 4076; baseline 0 -21"><span class='ocrx_word' id='word_1_336' title='bbox 289 3997 535 4075; x_wconf 88' lang='lat' dir='ltr'>loquela</span> <span class='ocrx_word' id='word_1_337' title='bbox 584 3998 803 4076; x_wconf 90' lang='lat' dir='ltr'>Angeli</span> <span class='ocrx_word' id='word_1_338' title='bbox 846 4016 915 4057; x_wconf 88' lang='lat' dir='ltr'>ac</span> <span class='ocrx_word' id='word_1_339' title='bbox 953 3998 1213 4074; x_wconf 87' lang='lat' dir='ltr'>Spiritus</span> <span class='ocrx_word' id='word_1_340' title='bbox 1265 4016 1397 4059; x_wconf 85' lang='lat' dir='ltr'>cum</span> <span class='ocrx_word' id='word_1_341' title='bbox 1440 3998 1681 4059; x_wconf 88' lang='lat' dir='ltr'>homine</span> <span class='ocrx_word' id='word_1_342' title='bbox 1724 3998 2002 4059; x_wconf 88' lang='lat' dir='ltr'>audiatur</span> <span class='ocrx_word' id='word_1_343' title='bbox 2047 4000 2108 4057; x_wconf 93' lang='lat' dir='ltr'>in</span> <span class='ocrx_word' id='word_1_344' title='bbox 2143 3998 2401 4071; x_wconf 89' lang='lat' dir='ltr'>homine,</span> 
     </span>
     <span class='ocr_line' id='line_1_37' title="bbox 291 4099 2401 4176; baseline -0 -20"><span class='ocrx_word' id='word_1_345' title='bbox 291 4104 354 4156; x_wconf 93' lang='lat' dir='ltr'>et</span> <span class='ocrx_word' id='word_1_346' title='bbox 388 4101 529 4174; x_wconf 86' lang='lat' dir='ltr'>quia</span> <span class='ocrx_word' id='word_1_347' title='bbox 564 4105 765 4160; x_wconf 88' lang='lat' dir='ltr'>movet</span> <span class='ocrx_word' id='word_1_348' title='bbox 813 4117 1007 4175; x_wconf 90' lang='lat' dir='ltr'>aeque</span> <span class='ocrx_word' id='word_1_349' title='bbox 1046 4117 1270 4175; x_wconf 87' lang='lat' dir='ltr'>organa</span> <span class='ocrx_word' id='word_1_350' title='bbox 1304 4100 1582 4173; x_wconf 75' lang='lat' dir='ltr'>audituS,</span> <span class='ocrx_word' id='word_1_351' title='bbox 1649 4099 1808 4176; x_wconf 89' lang='lat' dir='ltr'>quod</span> <span class='ocrx_word' id='word_1_352' title='bbox 1848 4102 2024 4160; x_wconf 87' lang='lat' dir='ltr'>etiam</span> <span class='ocrx_word' id='word_1_353' title='bbox 2065 4116 2258 4176; x_wconf 87' lang='lat' dir='ltr'>aeque</span> <span class='ocrx_word' id='word_1_354' title='bbox 2297 4115 2401 4157; x_wconf 90' lang='lat' dir='ltr'>so-</span> 
     </span>
     <span class='ocr_line' id='line_1_38' title="bbox 291 4199 2399 4277; baseline -0 -22"><span class='ocrx_word' id='word_1_355' title='bbox 291 4215 458 4257; x_wconf 90' lang='lat' dir='ltr'>nore.</span> <span class='ocrx_word' id='word_1_356' title='bbox 529 4199 706 4275; x_wconf 82' lang='lat' dir='ltr'>Quod</span> <span class='ocrx_word' id='word_1_357' title='bbox 739 4199 983 4277; x_wconf 87' lang='lat' dir='ltr'>loquela</span> <span class='ocrx_word' id='word_1_358' title='bbox 1017 4200 1235 4277; x_wconf 85' lang='lat' dir='ltr'>Angeli</span> <span class='ocrx_word' id='word_1_359' title='bbox 1280 4207 1339 4258; x_wconf 91' lang='lat' dir='ltr'>et</span> <span class='ocrx_word' id='word_1_360' title='bbox 1383 4200 1646 4277; x_wconf 87' lang='lat' dir='ltr'>Spiritus</span> <span class='ocrx_word' id='word_1_361' title='bbox 1698 4201 1921 4259; x_wconf 84' lang='lat' dir='ltr'>defluat</span> <span class='ocrx_word' id='word_1_362' title='bbox 1963 4217 2155 4275; x_wconf 87' lang='lat' dir='ltr'>usque</span> <span class='ocrx_word' id='word_1_363' title='bbox 2190 4201 2250 4256; x_wconf 87' lang='lat' dir='ltr'>in</span> <span class='ocrx_word' id='word_1_364' title='bbox 2286 4215 2399 4255; x_wconf 87' lang='lat' dir='ltr'>au·-</span> 
     </span>
    </p>
   </div>
   <div class='ocr_carea' id='block_1_5' title="bbox 290 4298 2407 4463">
    <p class='ocr_par' dir='ltr' id='par_1_7' title="bbox 290 4298 2407 4463">
     <span class='ocr_line' id='line_1_39' title="bbox 290 4298 2407 4377; baseline 0 -23"><span class='ocrx_word' id='word_1_365' title='bbox 290 4315 417 4356; x_wconf 86' lang='lat' dir='ltr'>rem</span> <span class='ocrx_word' id='word_1_366' title='bbox 458 4299 534 4357; x_wconf 92' lang='lat' dir='ltr'>ab</span> <span class='ocrx_word' id='word_1_367' title='bbox 571 4302 887 4375; x_wconf 88' lang='lat' dir='ltr'>interiore,</span> <span class='ocrx_word' id='word_1_368' title='bbox 941 4303 1136 4377; x_wconf 88' lang='lat' dir='ltr'>patuit</span> <span class='ocrx_word' id='word_1_369' title='bbox 1178 4300 1323 4359; x_wconf 88' lang='lat' dir='ltr'>mihi</span> <span class='ocrx_word' id='word_1_370' title='bbox 1373 4318 1447 4359; x_wconf 83' lang='lat' dir='ltr'>ex</span> <span class='ocrx_word' id='word_1_371' title='bbox 1488 4319 1595 4371; x_wconf 86' lang='lat' dir='ltr'>e0,</span> <span class='ocrx_word' id='word_1_372' title='bbox 1659 4300 1816 4376; x_wconf 90' lang='lat' dir='ltr'>quod</span> <span class='ocrx_word' id='word_1_373' title='bbox 1867 4302 2046 4359; x_wconf 89' lang='lat' dir='ltr'>etiam</span> <span class='ocrx_word' id='word_1_374' title='bbox 2089 4298 2296 4357; x_wconf 85' lang='lat' dir='ltr'>influat</span> <span class='ocrx_word' id='word_1_375' title='bbox 2345 4298 2407 4355; x_wconf 86' lang='lat' dir='ltr'>in</span> 
     </span>
     <span class='ocr_line' id='line_1_40' title="bbox 394 4404 1978 4463; baseline -0.001 -15"><span class='ocrx_word' id='word_1_376' title='bbox 394 4409 816 4463; x_wconf 58' lang='lat' dir='ltr'>Swedeansg,</span> <span class='ocrx_word' id='word_1_377' title='bbox 852 4411 919 4449; x_wconf 71' lang='lat' dir='ltr'>Dc</span> <span class='ocrx_word' id='word_1_378' title='bbox 952 4409 1092 4450; x_wconf 75' lang='lat' dir='ltr'>coelo</span> <span class='ocrx_word' id='word_1_379' title='bbox 1124 4416 1168 4448; x_wconf 72' lang='lat' dir='ltr'>ot</span> <span class='ocrx_word' id='word_1_380' title='bbox 1201 4408 1402 4449; x_wconf 67' lang='lat' dir='ltr'>inferno.</span> <span class='ocrx_word' id='word_1_381' title='bbox 1945 4404 1978 4455; x_wconf 68' lang='grc'><strong>9</strong></span> 
     </span>
    </p>
   </div>
  </div>
 </body>
</html>
