3013 5114
580 403 687 454 10⁴2
1201 388 1297 442 DE
1343 385 1580 442 COELO
1621 385 1715 438 ET
1755 383 2089 443 INFERNO.

578 553 788 612 dentes
823 550 1089 608 interniS.
1144 548 1280 608 Non
1333 546 1574 606 aliunde
1614 550 1741 615 est,
1794 545 1952 621 quod
1992 543 2159 602 Coeli
2191 543 2345 602 inter
2380 559 2447 601 se
2486 544 2700 603 distin-

578 656 660 712 cti
712 655 832 710 sint
847 670 863 725 3
922 655 1052 709 tum
1093 638 1431 709 Societates
1490 647 1757 724 cujusvis
1818 644 2015 717 Coeli,
2071 651 2130 705 et
2175 645 2588 720 unusquisque
2637 649 2700 704 in

579 754 904 812 societate:
973 750 1112 809 inde
1162 766 1401 826 quoque
1451 754 1576 822 est,
1636 747 1793 823 quod
1828 746 2073 804 Inferna
2127 763 2166 811 a
2218 745 2415 804 Coelis
2452 763 2702 822 prorsus

576 858 860 930 separata
903 854 1053 920 sint,
1103 856 1243 908 sunt
1287 851 1443 909 enim
1479 850 1542 906 in
1585 848 1879 907 contrario
1918 853 2098 905 statu.

738 956 766 1010 1
789 955 898 1011 94.
963 952 1055 1010 Ex
1088 950 1203 1010 hac
1251 966 1436 1009 causa
1472 950 1654 1007 etiam
1690 952 1799 1022 est,
1848 947 2008 1024 quod
2041 950 2101 1004 in
2138 946 2362 1006 mundo
2400 947 2699 1022 spirituali

581 1070 736 1112 unus
778 1055 1030 1111 sistatur
1065 1050 1239 1110 alteri
1276 1066 1602 1127 praesens,
1672 1048 1848 1106 modo
1896 1049 2129 1106 intense
2171 1046 2474 1106 desiderat
2511 1065 2695 1124 prae-

580 1155 833 1212 sentiam
878 1153 1038 1229 ejuS,
1076 1170 1214 1209 nam
1259 1152 1343 1210 sic
1387 1149 1552 1208 videt
1586 1148 1753 1207 illum
1792 1150 2181 1224 cogitatione,
2237 1153 2296 1205 et
2336 1148 2495 1206 sistit
2530 1164 2598 1207 se
2635 1151 2697 1207 in

578 1255 711 1331 ejus
760 1261 951 1312 statu:
1022 1255 1158 1312 viee
1207 1268 1414 1325 versa,
1482 1249 1640 1326 quod
1705 1265 1861 1306 unus
1918 1249 1993 1307 ab
2048 1248 2237 1307 altero
2291 1255 2694 1324 removeatur,

577 1360 863 1431 quantum
917 1358 1237 1412 aversatur
1286 1351 1489 1411 illum:
1549 1355 1608 1409 et
1667 1351 1806 1425 quia
1873 1350 2061 1407 omnis
2116 1349 2417 1407 aversatio
2474 1354 2567 1408 est
2620 1367 2696 1408 ex

584 1457 1006 1514 contrarietate
1053 1453 1460 1522 affectionum,
1520 1457 1579 1510 et
1622 1466 1696 1508 ex
1733 1450 2009 1508 dissensu
2047 1451 2503 1526 cogitationum,
2558 1449 2698 1508 inde

574 1555 667 1627 fit,
727 1554 889 1630 quod
927 1555 1163 1630 plures,
1214 1555 1317 1629 qui
1354 1549 1436 1610 ibi
1474 1555 1534 1610 in
1572 1568 1691 1609 uno
1729 1550 1860 1609 loco
1899 1557 2070 1621 sunt,
2114 1549 2397 1626 quamdiu
2434 1567 2693 1609 consen-

575 1657 754 1729 tiunt,
810 1660 1183 1731 appareant,
1225 1653 1335 1711 sed
1373 1660 1440 1710 ut
1473 1654 1730 1729 primum
1768 1651 2143 1722 dissentiunt,
2195 1650 2594 1727 disparentur.

683 1758 711 1812 1
733 1756 841 1814 95.
902 1753 1050 1814 Cum
1094 1756 1271 1814 etiarn
1321 1753 1538 1830 aliquis
1586 1752 1966 1828 progreditur
2003 1752 2077 1809 ab
2114 1770 2231 1809 uno
2267 1750 2399 1809 loco
2436 1753 2497 1808 in
2535 1750 2690 1810 alte-

575 1873 726 1930 rum,
767 1857 898 1914 sive
935 1856 1011 1913 sit
1046 1857 1106 1913 in
1142 1871 1255 1914 sua
1294 1857 1554 1929 civitate,
1608 1854 1737 1912 sive
1764 1854 1826 1909 in
1855 1855 2041 1922 atriiS,
2070 1852 2287 1912 sivein
2312 1852 2519 1921 hortiS,
2559 1855 2691 1910 sive

574 1956 650 2014 ad
679 1955 830 2032 alitos
852 1964 1021 2015 extra
1046 1973 1218 2014 suam
1247 1957 1616 2030 societatem,
1647 1960 1788 2012 tunc
1816 1955 1990 2011 citius
2019 1955 2183 2013 venit
2213 1969 2346 2010 cum
2369 1951 2689 2026 desiderat,

574 2065 632 2114 et
671 2059 897 2127 seriuS‚
940 2074 1074 2115 cum
1109 2072 1226 2115 non
1264 2056 1599 2126 desiderat,
1632 2057 1769 2132 ipsa
1793 2056 1895 2111 via
1921 2053 2286 2128 protrahitur
2322 2060 2382 2111 et
2408 2051 2690 2110 decurta-

570 2164 668 2215 tur
713 2156 1040 2214 secundum
1094 2156 1489 2227 desiderium,
1553 2136 1793 2213 tametsi
1843 2154 2052 2213 eadem
2093 2162 2218 2211 ost:
2272 2153 2387 2213 hoc
2440 2156 2689 2230 saepius

570 2255 724 2330 vidi,
787 2262 847 2314 et
881 2257 1130 2314 miratus
1168 2273 1320 2314 sum.
1400 2255 1494 2314 Ex
1530 2255 1623 2314 his
1682 2257 1895 2314 iterum
1931 2261 2135 2331 patet,
2193 2254 2352 2330 quod
2388 2255 2688 2327 distantia,

568 2355 820 2431 proinde
858 2357 1056 2432 spatia
1091 2359 1209 2415 sint
1247 2372 1496 2433 prorsus
1540 2355 1871 2415 secundum
1908 2362 2103 2414 status
2140 2357 2487 2414 interiorum
2526 2354 2691 2430 apud

567 2456 870 2533 Angelos3
913 2452 983 2538 (f)
1044 2463 1104 2516 et
1140 2459 1282 2532 quia
1320 2459 1404 2515 ita
1437 2462 1546 2531 est,
1589 2456 1755 2532 quod
1791 2457 1951 2514 notio
1989 2463 2049 2514 et
2086 2457 2224 2515 idea
2259 2458 2440 2532 spatii
2476 2473 2593 2514 non
2629 2457 2692 2513 in

575 2560 993 2634 cogitationem
1040 2559 1276 2617 illorum
1311 2559 1535 2618 intrare
1571 2560 1795 2636 possit,
1847 2560 2087 2617 tametsi
2122 2556 2284 2634 apud
2319 2555 2455 2616 illos
2494 2573 2688 2633 aeque

568 2661 761 2736 spatia
803 2666 940 2718 sunt
975 2665 1041 2718 ut
1074 2663 1136 2718 in
1171 2659 1408 2718 mundo.

728 2761 890 2818 196.
975 2760 1108 2818 Hoc
1168 2760 1465 2817 illustrari·
1518 2764 1724 2835 potest
1780 2776 1893 2835 per
1956 2761 2347 2835 cogitationes
2408 2756 2684 2831 hominiS,

572 2858 731 2934 quod
765 2876 877 2917 nec
911 2859 1030 2916 illis
1069 2862 1267 2935 spatia
1316 2860 1462 2931 sint,
1521 2877 1657 2917 nam
1702 2862 1994 2918 sistuntur
2042 2848 2097 2917 ei
2149 2861 2304 2917 sicut
2339 2859 2689 2934 praesentia

570 2975 724 3034 quae
779 2960 1136 3034 cogitatione
1187 2961 1422 3016 intense
1466 2960 1759 3018 intuetur:
1814 2962 1981 3018 novit
2032 2962 2209 3019 etiam
2260 2960 2363 3034 qui
2410 2958 2685 3033 reflectit,

572 3056 731 3132 quod
763 3073 874 3115 nec
910 3060 1071 3116 visui
1124 3042 1256 3135 ejus
1311 3060 1430 3116 sint
1482 3062 1684 3135 spatia
1727 3062 1841 3118 nisi
1894 3077 2069 3135 quam
2110 3077 2181 3118 ex
2218 3057 2585 3119 intermediis
2623 3059 2686 3116 in

566 3156 784 3215 tellure
823 3174 977 3233 quae
1027 3157 1203 3217 simul
1249 3158 1443 3233 videt,
1510 3166 1615 3218 aut
1652 3178 1726 3218 ex
1763 3162 2099 3236 cognitione
2139 3161 2298 3235 quod
2333 3161 2485 3218 sciat
2527 3158 2684 3234 quod

566 3262 796 3316 tantum
840 3257 1094 3317 distent:
1147 3259 1263 3318 hoc
1312 3258 1379 3316 fit
1432 3262 1575 3334 quia
1620 3266 1714 3318 est
1762 3263 2135 3335 continuum,
2194 3268 2254 3319 et
2300 3263 2358 3319 in
2407 3261 2686 3318 continuo

566 3376 685 3417 non
721 3366 976 3435 apparet
1011 3360 1238 3418 distans
1276 3360 1391 3417 nisi
1428 3377 1501 3419 ex
1538 3360 1654 3418 illis
1694 3378 1848 3436 quae
1885 3378 2003 3420 non
2040 3363 2319 3419 continua
2353 3366 2493 3418 sunt
2505 3379 2522 3435 3
2569 3360 2684 3417 hoc

568 3461 756 3536 magis
791 3459 858 3519 fit
892 3460 1055 3536 apud
1088 3460 1355 3537 Angelos
1369 3505 1385 3534 ,
1443 3462 1585 3535 quia
1632 3463 1802 3520 visus
1852 3460 2091 3519 illorum
2138 3480 2322 3520 unum
2370 3463 2494 3537 agit
2547 3476 2683 3518 cum

566 3562 924 3635 cogitatione
964 3561 1231 3637 illorum,
1273 3568 1333 3620 et
1369 3563 1651 3637 cogitatio
1688 3579 1869 3619 unum
1908 3579 2044 3620 cum
2081 3562 2412 3631 affectione,
2450 3567 2511 3620 et
2541 3561 2682 3636 quia

566 3662 905 3736 propinqua
941 3669 1001 3721 et
1035 3668 1268 3721 remota
1303 3667 1603 3739 apparent
1641 3668 1701 3720 et
1730 3679 1968 3743 quoque
2006 3664 2317 3721 variantur
2353 3660 2684 3720 secundum

566 3764 756 3819 status
791 3762 1140 3820 interiorum
1174 3761 1447 3835 illorum,
1487 3768 1557 3820 ut
1593 3779 1781 3838 supra
1816 3761 2038 3820 dictum
2078 3768 2187 3821 est.
2591 3769 2604 3776 ’

723 3860 881 3918 197.
931 3859 1080 3919 Inde
1122 3867 1244 3935 est,
1302 3860 1463 3936 quod
1506 3863 1565 3919 in
1602 3862 1807 3922 Verbo
1852 3879 1963 3939 per
2011 3862 2176 3920 Loca
2231 3867 2291 3922 et
2327 3860 2565 3938 Spatia,
2623 3865 2686 3919 et

562 3975 672 4034 per
708 3960 907 4016 omnia
944 3977 1100 4035 quae
1149 3976 1186 4017 a
1221 3962 1419 4035 spatio
1473 3961 1703 4037 aliquid
1749 3962 2027 4038 trahunt,
2094 3963 2502 4039 significentur
2537 3959 2686 4019 talia

715 4206 792 4272 (f)
837 4207 1008 4282 Quod
1043 4209 1200 4260 Loca
1241 4218 1298 4261 et
1341 4210 1540 4280 Spatia
1582 4210 1858 4265 sistantur
1907 4211 2097 4265 videri
2141 4211 2457 4265 secundum
2500 4219 2684 4263 status

567 4282 916 4335 interiorum
959 4282 1317 4356 Angelorum
1360 4296 1418 4338 et
1457 4285 1805 4358 Spirituum,
1849 4305 1917 4339 n:
1964 4294 2132 4349 5604.
2179 4295 2345 4350 9440.
2391 4292 2599 4347 10146.
