3013 5114
585 416 695 471 334
1199 402 1296 460 DE
1337 403 1581 460 COELO
1624 402 1718 458 ET
1757 399 2089 457 mFERNO.

583 578 646 630 et
695 572 1015 645 praeterea
1055 564 1142 624 illi
1194 567 1299 642 qui
1336 567 1520 623 vitam
1571 563 1936 622 abstractam
1990 578 2029 621 a
2073 557 2391 620 mundanis
2442 564 2721 638 egerunt,

579 671 835 747 flagrant
870 669 1112 740 merito,
1186 675 1247 725 et
1287 665 1426 726 inde
1476 667 1760 725 continue
1806 664 2058 740 cupiunt
2101 661 2368 734 coelum,
2443 667 2507 720 et
2550 661 2722 738 cogi-

580 777 714 829 tant
758 768 834 827 de
890 768 1110 844 gaudio
1164 767 1416 827 coelesti
1468 772 1535 825 ut
1582 763 1889 838 mercede,
1972 779 2227 841 prorsus
2278 778 2401 821 non
2452 765 2720 823 scientes

584 869 728 948 quid
761 869 1045 946 gaudium
1082 869 1381 942 coeleste3
1438 874 1499 926 et
1536 884 1720 942 quum
1755 868 1916 924 inter
1960 863 2262 940 Angelos,
2316 868 2379 922 et
2415 865 2478 922 in
2514 881 2722 925 eorum

586 970 870 1050 gaudium
909 972 1255 1038 mittuntur,
1320 967 1480 1044 quod
1528 973 1621 1026 est
1668 965 1901 1042 absque
1948 968 2190 1036 merito,
2251 970 2313 1022 et
2348 967 2625 1024 consistit
2655 966 2720 1024 in

584 1072 874 1132 exet-titiis
903 1077 967 1129 et
1007 1071 1338 1128 manifestis
1374 1068 1604 1142 officim,
1643 1084 1716 1127 ac
1751 1069 1814 1125 in
1847 1065 2219 1125 beatitudine
2255 1082 2333 1124 ex
2366 1063 2528 1125 bono
2556 1063 2720 1143 quod

581 1190 696 1251 per
729 1172 836 1231 illa
879 1176 1227 1248 praestant,
1295 1172 1588 1228 mirantur
1631 1170 1789 1227 sicut
1835 1168 1937 1243 qui
1980 1166 2188 1225 vident
2234 1165 2435 1225 aliena
2481 1183 2522 1226 a
2565 1166 2716 1243 fide3

587 1283 650 1333 et
688 1275 835 1350 quia
862 1289 980 1330 non
1020 1271 1407 1347 receptibiles
1448 1276 1591 1329 sunt
1629 1269 1789 1328 illius
1825 1267 2058 1344 gaudii,
2097 1265 2445 1343 discedunt,
2484 1275 2547 1327 et
2572 1285 2720 1328 con-

585 1377 894 1434 sociantur
937 1374 1098 1447 suis»,
1149 1374 1254 1448 qui
1300 1375 1362 1430 in
1400 1371 1580 1429 simili
1616 1372 1742 1427 vita
1775 1370 2017 1427 fuerunt
2048 1370 2109 1426 in
2144 1365 2389 1427 mundo.
2464 1367 2565 1428 Illi
2603 1385 2720 1430 au-

588 1483 745 1549 tem,
817 1476 919 1549 qui
956 1475 1017 1529 in
1060 1474 1326 1532 externis
1368 1479 1578 1530 sancte
1626 1473 1934 1544 vixerunt,
2002 1471 2281 1528 continue
2321 1471 2384 1527 in
2427 1468 2721 1547 Templis,

589 1583 652 1636 et
684 1578 746 1633 in
784 1572 1067 1650 precibus
1117 1572 1231 1648 ibi,
1290 1579 1353 1632 et
1401 1574 1504 1648 qui
1546 1573 1889 1632 afflixerunt
1925 1573 2156 1629 animas
2198 1586 2377 1644 suas,
2432 1576 2493 1630 et
2536 1571 2721 1631 simul

578 1676 814 1753 jugiter
861 1676 1280 1750 cogitaverunt
1316 1672 1391 1734 de
1431 1689 1528 1747 se,
1581 1671 1739 1750 quod
1777 1689 1927 1749 prae
1972 1671 2108 1731 aliis
2148 1674 2237 1730 sic
2272 1670 2633 1732 aestimandi
2662 1679 2724 1733 et

586 1774 947 1847 honorandi,
1010 1782 1072 1834 et
1107 1776 1346 1835 tandem
1394 1793 1504 1853 pro
1544 1773 1783 1835 Sanctis
1817 1772 2078 1833 habendi
2111 1777 2253 1850 post
2284 1779 2569 1849 mortem,
2631 1774 2723 1834 illi

591 1880 655 1938 in
689 1877 883 1936 altera
917 1879 1043 1935 vita
1081 1894 1198 1936 non
1242 1879 1304 1936 in
1341 1878 1511 1936 coelo
1558 1882 1729 1944 sunt,
1793 1875 1932 1949 quia
1977 1874 2123 1933 talia
2157 1873 2433 1933 fecerunt
2467 1882 2722 1952 propter

592 1995 691 2048 se;
746 1985 806 2038 et
845 1980 984 2054 quia
1023 1985 1578 2056 conspurcaverunt
1603 1977 1827 2035 Divina
1857 1992 2004 2034 vera
2039 1991 2244 2036 amore
2284 1976 2408 2049 sui,
2462 1977 2564 2035 cui
2598 1978 2718 2037 im-

583 2084 927 2139 merserunt
962 2078 1098 2149 illa,
1151 2078 1391 2156 quidam
1431 2097 1508 2137 ex
1541 2077 1662 2136 illis
1698 2083 1822 2134 tam
1868 2078 2065 2135 insani
2108 2083 2277 2151 sunt,
2335 2081 2400 2133 ut
2434 2093 2503 2137 se
2537 2078 2715 2155 cogi-

584 2186 716 2238 tent
751 2178 896 2236 deos
945 2194 1115 2252 esse3
1174 2184 1543 2261 quapropter
1589 2179 1746 2236 inter
1784 2175 1937 2235 tales
1988 2179 2048 2235 in
2082 2177 2313 2236 inferno
2349 2184 2517 2253 sunt;
2573 2176 2716 2256 qui-

583 2279 722 2337 dam
756 2279 941 2335 astuti
978 2284 1038 2335 et
1074 2277 1270 2337 dolosi
1306 2284 1474 2351 sunt,
1531 2294 1602 2335 ac
1642 2280 1703 2336 in
1736 2277 2082 2338 dolosorum
2116 2278 2398 2348 infernis,
2444 2280 2547 2356 qui
2574 2283 2718 2339 sunt

584 2381 684 2456 qui
727 2376 873 2437 talia
915 2396 1026 2454 per
1061 2385 1223 2439 artes
1262 2386 1323 2438 et
1359 2381 1615 2437 astutias
1654 2379 1927 2437 recerunt
1961 2381 2020 2437 in
2058 2387 2310 2438 externa
2341 2379 2563 2454 forma,
2599 2396 2717 2457 per

578 2498 729 2559 quas
776 2478 1142 2538 induxerunt
1190 2481 1408 2557 vulgus
1459 2479 1708 2540 credere
1757 2482 1818 2538 in
1852 2479 1973 2539 illis
2012 2483 2392 2540 sanctitatem
2427 2480 2717 2541 Divinam

588 2600 744 2643 esse.
832 2580 1016 2641 Tales
1061 2589 1200 2642 sunt
1246 2581 1453 2660 plures
1511 2600 1585 2641 ex
1633 2581 1869 2641 Sanctis
1921 2583 1981 2639 in
2026 2581 2343 2643 Pontificia
2387 2581 2714 2660 religione3
2773 2655 2776 2658 Ι

590 2701 727 2744 cum
777 2681 1134 2759 quibusdam
1184 2685 1363 2742 etiam
1411 2683 1616 2741 datum
1666 2688 1758 2741 est
1798 2682 1996 2759 loqui,
2051 2690 2112 2741 et
2163 2690 2302 2746 tunc
2339 2685 2463 2741 vita
2503 2699 2716 2743 eorum

587 2784 907 2844 manifeste
960 2782 1266 2860 descripta
1309 2792 1429 2858 cst,
1492 2783 1693 2860 qualis
1736 2784 1932 2842 fuerat
1964 2785 2039 2842 -in
2086 2784 2333 2858 mundo,
2399 2789 2462 2843 et
2514 2783 2717 2861 qualis

581 2892 819 2963 postea.
915 2882 1088 2942 Haec
1139 2884 1299 2943 dicta
1350 2892 1491 2943 sunt
1531 2891 1600 2943 ut
1649 2886 1907 2958 sciatur,
1977 2884 2142 2960 quod
2189 2888 2317 2945 vita
2354 2901 2512 2962 quae
2548 2884 2716 2944 ducit

577 2983 658 3043 ad
706 2983 971 3057 coelum,
1026 3001 1145 3042 non
1189 2987 1269 3042 sit
1302 2986 1427 3043 vita
1468 2985 1777 3044 abstracta
1822 3002 1861 3043 a
1909 2985 2159 3056 mund0‚
2211 2986 2418 3047 sedin
2452 2983 2708 3061 mund03

580 3089 642 3144 et
680 3081 841 3160 quod
881 3084 1008 3142 vita
1041 3085 1286 3160 pietatis
1322 3084 1552 3162 absque
1587 3087 1711 3145 vita
1751 3084 2077 3156 charitatiS,
2113 3104 2269 3164 quae
2298 3086 2493 3146 solum
2530 3085 2710 3146 datur

576 3187 639 3243 in
672 3182 927 3253 mundo,
988 3200 1107 3242 non
1155 3182 1340 3242 ducat
1385 3185 1465 3243 ad
1517 3186 1788 3255 coelum,
1839 3186 1953 3245 sed
2004 3187 2166 3264 quod
2210 3189 2334 3246 vita
2373 3187 2709 3258 charitatis,

578 3302 733 3363 quae
782 3287 908 3344 vita
950 3290 1045 3344 est
1089 3286 1321 3344 sincere
1369 3292 1429 3344 et
1468 3285 1636 3363 juste
1692 3303 1874 3364 agere
1929 3290 1993 3346 in
2044 3290 2202 3346 omni
2247 3288 2585 3358 functione,
2643 3287 2711 3345 in

575 3389 737 3449 omni
771 3387 1040 3465 negotio,
1109 3392 1168 3446 et
1204 3388 1265 3444 in
1302 3383 1463 3446 omni
1505 3403 1729 3463 opere,
1783 3404 1858 3446 ex
1898 3389 2193 3464 interiori,
2249 3391 2335 3447 ita
2384 3406 2460 3448 ex
2501 3386 2705 3452 coele-

576 3491 657 3548 sti
704 3488 960 3565 origine‚
1027 3505 1183 3565 quae
1224 3489 1392 3565 origo
1436 3488 1528 3548 illi
1567 3488 1726 3547 vitae
1768 3490 1927 3548 inest
1964 3507 2100 3548 cum
2150 3489 2330 3549 homo
2376 3491 2610 3548 sincere
2644 3492 2709 3547 et

566 3590 734 3667 juste
772 3591 896 3666 agit
943 3591 1086 3666 quia
1137 3596 1230 3649 est
1277 3589 1609 3650 secundum
1659 3588 1828 3665 leges
1875 3589 2161 3651 Divinas:
2231 3589 2385 3649 baec
2422 3591 2549 3648 vita
2582 3605 2706 3648 non

574 3687 834 3749 difficilis
871 3695 995 3759 est,
1047 3691 1159 3751 sed
1197 3692 1324 3748 vita
1356 3693 1601 3767 pietatis
1639 3689 1980 3750 abstractae
2027 3709 2064 3750 a
2095 3693 2228 3751 vita
2262 3689 2572 3750 charitatis
2611 3694 2708 3749 est

575 3785 862 3863 difficilis,
919 3806 1076 3865 quae
1119 3797 1322 3850 tamen
1361 3793 1486 3852 vita
1521 3797 1753 3851 tantum
1789 3791 2034 3853 abducit
2073 3809 2111 3852 a
2147 3791 2354 3868 coelo,
2409 3794 2704 3869 quantum

573 3885 835 3946 creditur
869 3887 1089 3949 ducere
1124 3891 1202 3949 ad
1236 3892 1474 3951 coelum
1512 3889 1660 3974 (ee).

728 4155 849 4222 (ee)
893 4152 1061 4220 Quod
1087 4140 1206 4209 vita
1233 4155 1464 4226 pietatis
1490 4155 1710 4229 absque
1744 4159 1862 4212 vita
1889 4160 2189 4215 charitatis
2214 4159 2286 4214 ad
2318 4160 2465 4215 nibil
2493 4159 2702 4226 valeat,

575 4230 676 4285 sed
716 4249 846 4287 cum
888 4234 993 4286 hac
1034 4230 1321 4285 conducat
1358 4232 1430 4285 ad
1472 4235 1699 4299 omnia,
1756 4252 1824 4287 nx
1869 4245 2038 4298 8252.
2087 4245 2262 4297 8253.
2342 4236 2515 4315 Quod
2557 4238 2703 4292 Cha-

572 4309 714 4364 ritas
754 4327 890 4381 erga
930 4309 1258 4383 proximum
1301 4308 1372 4362 sit
1414 4308 1607 4363 facere
1647 4309 1899 4379 bonum,
1962 4315 2211 4383 justum,
2277 4323 2332 4368 ct
2374 4323 2597 4368 rectum
2642 4314 2705 4366 in
