3013 5114
387 405 594 461 HOMO
631 404 766 459 EST
807 405 992 460 POST
1024 404 1332 460 MORTEM
1377 407 1634 473 QUALIS
1678 409 1849 465 EJUS
1893 410 2060 464 VITA
2095 410 2280 470 FUIT.
2363 420 2470 475 283

342 567 415 626 in
461 565 566 626 die
614 562 761 639 illo,
826 564 1140 640 Domine,
1205 566 1517 638 Domine,
1587 589 1788 631 norme
1831 589 1953 648 per
1998 570 2245 631 Nomen
2291 579 2474 633 tuum

257 675 263 680 ’
332 665 891 747 Ρνορήεὐαυὶοηαε,
959 673 1020 726 et
1062 685 1183 745 per
1240 667 1486 729 Nomen
1540 676 1720 730 tuum
1772 670 2108 731 daemonia
2156 671 2467 753 ejecimua,

340 775 401 829 et
434 769 507 828 in
551 765 827 826 Nomine
866 765 1006 826 Tuo
1041 768 1311 828 virtute-s·
1344 768 1590 832 multa-9
1620 771 1929 851 feoimzw,
1986 771 2099 832 sed
2134 778 2283 832 tuno
2320 792 2467 834 oon-

329 869 561 950 fitebor
596 864 769 940 illis,
840 887 963 927 non
996 869 1143 928 novi
1182 888 1318 945 voe,
1372 870 1682 932 discedite
1715 892 1746 931 e
1782 870 1890 932 Me
1915 873 2196 952 operarii
2228 873 2470 952 iniqui-

342 969 570 1042 tatis,“
612 969 836 1028 Matth:
876 968 1027 1027 VII:
1076 973 1185 1028 22.
1233 974 1342 1030 23.
1419 971 1654 1047 „Tunc
1688 961 2015 1053 incipietis
2052 973 2271 1048 dicere,
2321 974 2464 1035 edi-

339 1089 489 1130 mus
536 1088 744 1130 eoram
790 1068 880 1128 Te
914 1076 974 1129 et
1009 1070 1311 1146 bibimuo,
1364 1072 1433 1132 in
1456 1071 1704 1153 plateis
1737 1075 1980 1136 nostris·
2016 1073 2316 1153 docuisti,
2356 1075 2470 1135 sed

342 1169 544 1244 dicet,
629 1169 771 1230 dico
831 1170 1003 1229 vobis
1020 1215 1037 1246 ,
1117 1191 1241 1232 non
1298 1174 1447 1234 novi
1509 1194 1619 1234 voa
1687 1176 1971 1253 operarii
2026 1175 2412 1253 iniquitatis,
2427 1179 2464 1209 “

338 1272 503 1330 Luc:
548 1271 741 1332 XIII:
798 1274 908 1331 25.
946 1276 1055 1332 26.
1102 1277 1213 1333 27.
1271 1273 1698 1348 „Retribuam
1731 1273 2094 1358 illiajuoeta
2124 1295 2282 1355 opus
2320 1273 2470 1336 illo-

337 1392 514 1446 rum,
575 1380 636 1433 et
671 1373 883 1454 juoeta
924 1373 1181 1452 factum
1218 1393 1522 1436 manuum
1586 1373 1916 1451 illorum,“
1968 1377 2206 1436 Jerem:
2251 1377 2464 1436 XXV:

343 1477 455 1532 14.
529 1472 893 1548 „Jehovah‚
951 1475 1138 1556 cujus
1170 1473 1343 1536 oculi
1388 1477 1598 1556 aperti
1633 1483 1784 1537 eunt
1840 1497 2031 1557 super
2075 1496 2286 1538 omne-9
2322 1478 2466 1537 vias

334 1572 646 1648 hominis,
696 1573 785 1633 ad
821 1572 1110 1636 dandum
1146 1577 1351 1637 cuivis
1387 1577 1732 1639 secundum
1766 1565 1911 1638 viae
1936 1578 2073 1661 effus
2090 1623 2108 1653 ,
2147 1585 2208 1639 et
2242 1597 2464 1638 seeun-

337 1673 494 1735 dum
521 1675 816 1754 fructum
853 1694 1109 1754 operum
1150 1677 1354 1760 eju3‚“
1406 1679 1648 1738 Jerem:
1691 1679 1974 1739 XXXII:
2033 1681 2143 1737 19.
2228 1723 2263 1753 „
2287 1677 2468 1740 Visi-

337 1777 480 1837 tabo
521 1795 711 1855 super
750 1777 895 1836 via-s·
934 1776 1104 1858 ejus,
1156 1784 1216 1837 et
1250 1796 1439 1858 opera
1475 1780 1613 1861 eju-s·
1637 1780 1982 1840 retribuam
2009 1777 2184 1854 2’le‘,“
2223 1779 2462 1839 Hosch:

335 1877 458 1936 IV:
506 1880 563 1935 9.
643 1875 973 1952 „Jehovah
991 1877 1202 1958 juxta
1240 1879 1387 1939 via-s·
1421 1886 1697 1949 nostrae,
1727 1879 2003 1960 etjuwta
2032 1899 2222 1959 opera
2245 1884 2468 1940 nostra

321 1978 500 2058 facit
539 1979 930 2049 nobiscum,“
985 1978 1243 2038 Sachar:
1282 1980 1340 2038 I:
1387 1985 1443 2039 6.
1519 1980 1636 2040 Ubi
1663 1980 1956 2038 Dominus
1988 1982 2060 2039 de
2088 1980 2308 2040 Ultimo
2345 1981 2465 2040 Ju-

334 2079 489 2138 dicio
540 2080 864 2155 praedicit,
922 2098 1039 2138 non
1080 2083 1194 2139 nisi
1245 2099 1420 2157 quam
1460 2098 1649 2157 opera
1692 2089 2012 2156 recenset,
2072 2089 2130 2139 et
2168 2081 2326 2157 quod
2368 2084 2463 2140 in-

332 2181 577 2238 trabunt
626 2182 683 2238 in
740 2184 923 2239 vitam
973 2191 1275 2241 aeternam
1335 2185 1435 2258 qui
1479 2182 1641 2240 bona
1696 2199 1883 2258 opera
1933 2183 2233 2257 fecerunt,
2297 2191 2358 2240 et
2401 2183 2463 2239 in

334 2280 776 2340 damnationem
810 2286 910 2358 qui
937 2284 1094 2341 mala
1129 2301 1330 2360 opera,
1368 2283 1594 2341 Matth:
1633 2281 1857 2341 XXV:
1895 2286 1979 2343 32
2017 2284 2094 2342 ad
2124 2286 2241 2352 46;
2282 2300 2465 2360 prae-

334 2370 427 2440 ter
461 2384 523 2441 in
559 2382 761 2440 multis
806 2385 939 2442 aliis
979 2385 1126 2443 locis
1147 2429 1163 2458 ,
1225 2384 1327 2444 ubi
1382 2387 1580 2460 agitur
1630 2383 1703 2441 de
1741 2384 2072 2443 salvatione
2111 2392 2172 2455 et
2208 2385 2280 2442 de
2319 2401 2466 2441 con-

335 2482 712 2541 demnatione
758 2484 1029 2544 hominis.
1129 2485 1306 2561 Quod
1346 2501 1533 2560 opera
1589 2489 1648 2541 et
1698 2485 1858 2541 facta
1898 2485 2017 2541 sint
2052 2485 2178 2541 vita
2216 2492 2464 2542 externa

280 2646 285 2651 ,
332 2584 621 2660 hominiS,
665 2592 724 2643 et
763 2587 921 2662 quod
958 2605 1069 2663 per
1105 2586 1207 2644 illa
1233 2586 1650 2644 manifestetur
1683 2586 1809 2642 vita
1844 2584 1973 2661 eJus
2013 2586 2266 2655 interna,
2306 2602 2458 2659 qua-

327 2686 404 2743 lis
444 2692 564 2761 est,
617 2693 804 2763 patet.

494 2792 658 2846 472.
732 2787 853 2846 Sed
901 2806 1012 2865 per
1051 2789 1212 2847 facta
1258 2795 1317 2847 et
1367 2803 1553 2864 opera
1601 2803 1719 2843 non
1755 2784 2168 2861 intelliguntur
2203 2787 2363 2844 facta
2400 2790 2462 2843 et

334 2906 524 2965 opera
566 2889 759 2947 solum
809 2890 1012 2964 qualia
1065 2890 1362 2948 sistuntur
1402 2891 1464 2946 in
1521 2895 1769 2945 externa
1820 2887 2043 2960 forma,
2116 2888 2227 2946 sed
2281 2889 2460 2945 etiam

332 2989 534 3065 qualia
570 2996 712 3047 sunt
747 2991 808 3047 in
842 2993 1109 3064 interna3
1166 2992 1586 3065 unusquisque
1639 2990 1793 3046 enim
1830 2990 2028 3054 novit,
2088 2989 2245 3064 quod
2287 3004 2460 3045 omne

330 3092 554 3149 factum
597 3098 657 3149 et
696 3107 848 3166 opus
887 3091 1177 3167 procedat
1213 3108 1284 3150 ex
1322 3091 1632 3149 voluntate
1683 3095 1744 3147 et
1790 3092 2146 3164 cogitatione
2181 3089 2458 3160 hominis),

324 3209 461 3249 nam
525 3194 640 3250 nisi
694 3193 831 3250 inde
877 3192 1261 3270 procederet,
1320 3194 1474 3251 foret
1519 3190 1710 3248 solum
1751 3197 1982 3264 motus,
2041 3190 2233 3266 qualis
2271 3190 2337 3248 fit
2380 3207 2455 3247 ex

323 3294 642 3350 automatis
695 3311 766 3353 ac
818 3294 1188 3368 simulacris;
1246 3311 1432 3369 quare
1486 3293 1708 3349 factum
1753 3298 1856 3348 aut
1894 3308 2046 3367 opus
2093 3294 2153 3348 in
2190 3306 2256 3347 se
2304 3306 2450 3364 spe-

324 3401 548 3451 ctatum
602 3401 692 3451 est
735 3395 929 3453 solum
977 3395 1231 3454 effectus
1281 3397 1382 3470 qui
1434 3394 1689 3451 animam
1739 3400 1797 3449 et
1853 3393 2032 3448 vitam
2075 3408 2245 3447 suam
2294 3388 2460 3446 ducit

328 3510 400 3549 ex
447 3491 755 3552 voluntate.
811 3504 870 3551 et
908 3497 1299 3571 cogitatione,
1354 3509 1547 3568 usque
1597 3492 1746 3550 adeo
1763 3535 1779 3565 ,
1837 3498 1903 3548 ut
1954 3493 2034 3549 sit
2069 3490 2346 3548 voluntas
2398 3497 2458 3545 et

325 3593 612 3666 cogitatio
651 3594 711 3648 in
759 3593 971 3651 effectu
984 3639 1000 3668 ,
1057 3595 1309 3669 proinde
1349 3592 1509 3670 quod
1548 3594 1626 3649 sit
1666 3591 1942 3648 voluntas
1986 3599 2044 3648 et
2080 3591 2361 3665 cogitatio
2397 3591 2456 3647 in

325 3699 577 3751 externa
634 3692 849 3749 forma:
916 3694 1052 3751 inde
1106 3697 1410 3768 sequitur,
1476 3691 1634 3767 quod
1686 3690 1880 3767 qualis
1930 3700 2022 3749 est
2073 3691 2348 3750 voluntas
2396 3697 2457 3750 et

323 3794 644 3870 cogitati0,
702 3810 855 3869 quae
893 3793 1233 3870 producunt
1287 3795 1510 3850 factum
1560 3798 1664 3848 aut
1701 3807 1882 3867 opuS,
1939 3792 2058 3850 tale
2102 3809 2340 3868 qnoque.
2379 3794 2456 3851 sit

321 3896 542 3954 sactum
601 3902 660 3953 et
714 3911 866 3971 opus
882 3914 899 3970 3
955 3897 1007 3953 si
1062 3895 1345 3970 cogitatio
1402 3900 1461 3951 et
1513 3892 1793 3950 volunta&
1845 3892 2037 3953 bonae
2088 3902 2252 3965 sunt,
2309 3901 2451 3952 tunc

321 3996 486 4054 facta
522 4001 583 4054 et
619 4013 806 4074 opera
842 4002 982 4054 sunt
1016 3995 1208 4069 bona,
1266 3996 1322 4053 si
1354 4002 1554 4053 autem
1594 3996 1875 4071 cogitatio
1914 4002 1972 4053 et
2007 3994 2284 4054 voluntas
2321 3997 2452 4052 ma-

322 4096 419 4154 lae
456 4103 623 4169 sunt,
679 4105 819 4156 tunc
853 4097 1013 4157 sacta
1051 4104 1111 4156 et
1149 4114 1334 4173 opera
1385 4103 1525 4165 sunt
1573 4095 1765 4172 mala,
1822 4100 2064 4156 tametsi
2104 4098 2164 4154 in
2202 4101 2452 4154 externa

321 4197 513 4254 forma
576 4205 937 4275 apparerent
995 4198 1247 4257 similia:
1324 4203 1579 4276 possunt
1633 4198 1795 4257 mille
1849 4198 2122 4257 homines
2177 4196 2450 4254 similiter

318 4296 547 4371 facere,
603 4298 716 4358 hoc
758 4305 881 4374 est,
940 4300 1132 4359 simile
1171 4301 1391 4357 factum
1430 4301 1680 4372 sistere,
1721 4305 1838 4356 tam
1879 4297 2103 4371 simile,
2146 4302 2211 4352 ut
2252 4293 2451 4370 quoad
