3013 5114
566 429 678 494 239
1179 415 1274 467 Db
1322 413 1559 469 COELQ
1601 412 1695 467 ΕΤ
1736 412 2069 467 lNFERNO.

661 572 781 640 De
835 566 1495 639 Funetionihus
1553 542 2095 662 Angelorum
2149 564 2233 633 in
2290 562 2589 634 Coelo.

715 717 876 774 387.
934 714 1299 772 Functiones
1341 715 1401 770 in
1448 712 1648 770 Coelis
1691 729 1806 770 non
1859 713 2220 779 enumerari,
2274 728 2384 769 nec
2428 710 2687 770 describi

557 823 818 895 possunt
853 817 913 873 in
957 817 1196 890 specie,
1252 814 1361 873 sed
1400 813 1575 872 modo
1625 814 1697 870 de
1746 811 1866 870 illis
1915 812 2141 888 aliquid
2179 812 2295 870 dici
2350 813 2407 869 in
2445 829 2688 887 genere,

556 936 696 976 nam
738 924 877 974 sunt
911 918 1288 987 innumerae,
1348 924 1407 972 et
1436 916 1677 990 quoque
1712 912 2040 971 secundum
2077 911 2448 972 Societatum
2490 913 2687 970 officia

555 1020 794 1093 variae3
865 1018 1241 1092 unaquaevis
1292 1018 1447 1074 enim
1516 1014 1787 1074 Societas
1841 1014 2145 1089 peculiare
2208 1013 2464 1071 officium
2529 1013 2683 1088 obit;

559 1137 699 1177 nam
734 1119 890 1176 sicut
928 1117 1263 1177 Societates
1302 1117 1617 1174 distinctae
1668 1124 1806 1174 sunt
1851 1115 2179 1173 secundum
2218 1112 2374 1172 bona
2398 1159 2412 1187 ,
2469 1115 2682 1174 videa-

555 1230 655 1278 tur
699 1236 886 1295 supra
937 1237 1009 1277 n:
1064 1222 1188 1291 41,
1244 1220 1330 1275 ita
1375 1218 1707 1276 secundum
1741 1233 1931 1295 usus,
1990 1219 2267 1291 quoniam
2322 1215 2478 1274 bona
2523 1217 2684 1291 apud

558 1336 765 1379 omnes
807 1322 868 1377 in
911 1319 1111 1379 Coelis
1149 1325 1288 1376 sunt
1337 1318 1495 1376 bona
1541 1321 1599 1375 in
1646 1327 1816 1391 actu,
1874 1335 2028 1392 quae
2069 1323 2209 1374 sunt
2255 1334 2435 1375 usus:
2491 1334 2682 1376 unus-

561 1424 817 1497 quisque
853 1419 937 1479 ibi
974 1436 1150 1477 usum
1188 1424 1487 1495 praestat,
1529 1436 1664 1476 nam
1692 1418 1966 1493 Regnum
2007 1418 2246 1476 Domini
2281 1426 2373 1477 est
2409 1417 2681 1495 Regnum

552 1538 774 1580 usuum
814 1517 908 1601 (t).
1152 1525 1168 1531 “

716 1623 877 1680 388.
936 1618 1088 1679 Sunt
1123 1623 1183 1678 in
1221 1619 1421 1679 Coe-lis
1461 1622 1618 1679 sicut
1652 1622 1714 1678 in
1750 1622 1924 1678 terris
1965 1619 2174 1695 plures
2212 1621 2681 1679 administratio-

553 1740 694 1791 nes»,
748 1739 885 1780 nam
914 1729 1055 1779 sunt
1079 1721 1545 1794 Ecclesiastica,
1578 1718 1744 1779 ‘sunt
1781 1719 2022 1791 Civilia,
2082 1729 2142 1778 et
2187 1731 2325 1780 sunt
2369 1722 2677 1780 Domesti-

555 1840 660 1899 ca3
719 1823 877 1899 quod
932 1824 1050 1880 sint
1105 1822 1568 1895 Ecclesiastica,
1628 1830 1861 1881 constat
1911 1841 1986 1880 ex
2035 1821 2151 1880 illis
2191 1841 2344 1898 quae
2383 1840 2569 1898 supra
2605 1823 2680 1879 de

554 1925 735 1984 Cultu
777 1924 998 1983 Divino
1034 1941 1103 1980 n:
1160 1927 1292 1981 221
1332 1923 1410 1980 ad
1451 1926 1621 1995 227,
1680 1923 1840 1981 dicta
1887 1931 1947 1981 et
1998 1932 2241 1981 ostensa
2294 1930 2463 1998 sunt;
2521 1923 2681 1999 quod

523 2025 788 2097 civilia,
831 2042 905 2081 ex
935 2024 1051 2082 illis
1083 2042 1237 2099 quae
1267 2024 1339 2081 de
1367 2024 1779 2098 Regiminibus
1812 2027 1869 2082 in
1902 2024 2085 2083 Coelo
2117 2043 2171 2082 n:
2218 2029 2296 2082 21
2318 2027 2353 2084 3
2390 2024 2464 2081 ad
2498 2027 2680 2097 220;

554 2134 616 2184 et
652 2125 813 2200 quod
849 2125 1228 2194 Domestica,
1288 2142 1357 2182 ex
1406 2124 1524 2181 illis
1564 2143 1718 2199 quae
1760 2126 1833 2182 de
1878 2125 2366 2184 Habitationibus
2407 2133 2465 2182 et
2500 2126 2674 2182 Man-

551 2225 817 2283 sionibus
858 2223 1259 2299 Angelorum,
1330 2243 1402 2282 n:
1486 2228 1620 2282 183
1663 2226 1739 2283 ad
1783 2230 1956 2299 190,
2024 2235 2083 2283 et
2132 2227 2205 2284 de
2263 2227 2569 2304 Conjugiis
2617 2229 2677 2284 in

553 2325 772 2399 Coe10,
828 2343 900 2382 n:
963 2326 1100 2383 366
1135 2325 1211 2382 ad
1247 2327 1420 2384 386:
1475 2325 1613 2382 inde
1650 2333 1844 2402 patet,
1897 2327 2054 2402 quod
2089 2328 2425 2386 functiones
2469 2336 2528 2386 et
2563 2328 2674 2385 ad-

549 2427 1015 2494 ministrationes
1053 2429 1206 2483 intra
1233 2428 1504 2501 quamvis
1536 2426 1899 2486 Societatem
1935 2428 2259 2487 coelestem
2295 2432 2413 2487 sint
2448 2429 2678 2504 plures,

707 2548 869 2608 389.
922 2545 1137 2607 Omnia
1180 2549 1238 2605 in
1290 2547 1494 2607 Coelis
1541 2547 1870 2607 secundum
1918 2548 2198 2607 Divinum
2244 2548 2527 2608 Ordinem
2581 2552 2676 2607 in-

546 2654 759 2708 stituta
810 2656 980 2720 sunt,
1064 2648 1165 2723 qui
1211 2649 1546 2707 custoditur
1599 2650 1796 2722 ubivis
1851 2668 1962 2725 per
2011 2644 2556 2714 administrationes
2597 2652 2673 2709 ab

544 2750 799 2827 Angelis
813 2793 830 2822 ,
888 2767 925 2807 a
964 2750 1430 2825 sapientioribus
1470 2750 1576 2807 illa
1613 2769 1766 2826 quae
1805 2756 2133 2810 communis
2172 2753 2310 2809 boni
2365 2760 2471 2809 aut
2519 2769 2670 2810 usus

545 2857 715 2921 sunt,
774 2867 810 2906 a
858 2852 1052 2908 minus
1102 2850 1476 2924 sapientibus
1535 2868 1688 2924 quae
1736 2852 2150 2928 particulariS,
2217 2862 2273 2910 et
2323 2857 2408 2910 sic
2455 2871 2671 2929 porro:

545 2949 936 3024 subordinata
971 2957 1139 3023 sunt,
1193 2967 1442 3024 prorsus
1486 2953 1643 3009 sicut
1676 2954 1737 3009 in
1782 2954 1998 3012 Divino
2038 2952 2259 3013 Ordine
2297 2954 2671 3013 subordinati

543 3033 684 3108 sifnt
715 3066 895 3108 usus:
930 3049 1068 3108 inde
1107 3067 1346 3125 quoque
1376 3054 1674 3110 unicuivis
1705 3054 1991 3113 functioni
2028 3055 2310 3132 adjuncta
2348 3064 2438 3114 est
2476 3056 2671 3131 digni-

540 3157 635 3208 tas
674 3150 1003 3209 secundum
1039 3149 1389 3227 dignitatem
1425 3169 1608 3210 usus:
1676 3162 1737 3211 at
1775 3172 1968 3229 usque
2008 3157 2277 3232 Angelus
2318 3176 2434 3215 non
2472 3157 2667 3233 digni-

540 3254 791 3310 nitatem
827 3251 943 3310 ‘sibi
980 3251 1269 3323 vindicat,
1327 3254 1434 3311 sed
1473 3271 1704 3312 omnem
1744 3255 1846 3311 dat
1880 3258 2049 3328 usui,
2108 3266 2169 3314 et
2209 3260 2347 3333 quia
2385 3274 2532 3315 usus
2576 3265 2670 3315 est

538 3352 758 3412 bonum
796 3353 954 3430 quod
1001 3361 1304 3430 praestat,
1358 3362 1416 3412 et
1469 3371 1641 3413 omne
1677 3355 1898 3413 bonum
1955 3365 2048 3415 est
2098 3375 2135 3415 a
2185 3358 2473 3431 Domin0,
2530 3358 2671 3417 ideo

497 3470 772 3515 omnem
823 3455 928 3514 dat
963 3455 1250 3514 Domino:
1318 3463 1688 3532 quapropter
1736 3460 1837 3533 qui
1890 3460 2114 3533 cogitat
2166 3459 2239 3517 de
2284 3461 2507 3518 honore
2555 3476 2671 3535 pro

539 3572 605 3613 se
646 3563 705 3615 et
743 3557 880 3616 inde
928 3574 1038 3633 pro
1077 3573 1221 3632 usu,
1282 3563 1341 3615 et
1377 3575 1494 3615 non
1536 3575 1646 3635 pro
1685 3574 1799 3616 usu
1837 3564 1895 3617 et
1933 3559 2069 3619 inde
2113 3578 2221 3637 pro
2250 3578 2335 3636 se,
2376 3579 2495 3618 non
2520 3566 2661 3637 pot-

550 3708 667 3716 ---

692 3786 765 3850 (t)
821 3787 989 3862 Quod
1047 3789 1304 3861 Regnum
1371 3791 1601 3844 Domini
1671 3792 1743 3844 sit
1805 3793 2061 3864 Regnum
2119 3810 2357 3866 usuum,
2420 3801 2665 3854 11:453.

541 3868 671 3919 696.
717 3870 883 3921 1103.
932 3871 1100 3923 3645.
1147 3873 1317 3925 4054.
1365 3876 1532 3927 7038.
1629 3869 1795 3945 Quod
1848 3869 2072 3921 servire
2118 3870 2368 3922 Domino
2413 3869 2486 3922 sit
2526 3887 2665 3922 usus

533 3947 855 4007 praestare,
900 3955 970 3989 n:
1017 3947 1185 4000 7038.
1270 3940 1435 4005 Quod
1478 3961 1677 3997 omnes
1720 3946 1777 3997 in
1807 3946 1988 3998 altera
2028 3945 2147 3998 vita
2191 3963 2326 3998 usus
2369 3956 2669 4017 praestare

536 4010 805 4076 debeant,
849 4029 904 4064 n:
950 4022 1118 4074 1103.
1188 4014 1350 4081 Quod
1397 4019 1569 4071 etiarn
1611 4021 1743 4072 mali
1789 4031 1842 4073 ct
1887 4020 2233 4087 infernaleS,
2279 4022 2373 4075 sed
2421 4039 2664 4094 quomo-

532 4086 643 4150 do,
701 4102 770 4141 n:
818 4096 948 4148 696.
1046 4088 1210 4154 Quod
1263 4109 1462 4146 omnes
1518 4094 1658 4147 tales
1713 4096 1855 4157 sint,
1922 4098 2120 4169 quales
2162 4108 2293 4150 sunt
2334 4115 2470 4150 usus
2513 4115 2666 4171 quos

533 4174 858 4234 praestant,
913 4182 981 4216 n:
1025 4172 1192 4228 4054.
1236 4174 1404 4226 6815:
1449 4168 1798 4223 illustratum
1853 4191 1918 4224 n:
1966 4181 2133 4234 7038.
2218 4174 2388 4249 Quod
2425 4174 2663 4226 beatum

532 4241 872 4312 Angelicum
916 4243 1191 4297 consistat
1230 4243 1289 4295 in
1330 4243 1502 4297 bonis
1544 4246 1872 4311 charitatis,
1915 4249 1995 4302 ita
2034 4250 2094 4302 in
2137 4244 2335 4304 usibus
2370 4260 2667 4320 praestan-

533 4315 620 4374 dis
637 4353 654 4384 ‚
697 4334 765 4374 n:
809 4324 940 4381 454.
