3013 5114
1513 240 1595 311 Q

944 422 1112 488 QUID
1154 424 1446 482 M-UNDUS
1491 428 1894 487 SPIRITUUM.
2359 447 2468 500 253

337 586 498 658 lum,
556 588 847 660 quantum
884 586 1085 642 autem
1117 583 1303 659 falsa,
1362 603 1518 662 quae
1552 588 1893 648 intellectus
1929 598 2094 666 sunt,
2151 595 2470 672 conjuncta

343 692 496 745 sunt·
521 684 695 742 malis
737 700 891 761 quae
929 683 1287 761 voluntatis,
1345 693 1574 746 tantum
1610 688 1788 748 homo
1824 691 2120 751 infernum
2151 695 2214 752 in
2247 711 2315 754 se
2349 697 2465 755 ha-

260 832 264 837 .
341 787 473 861 bet,
534 788 673 861 quia
709 785 1049 862 conjunctio
1086 785 1223 844 falsi
1261 795 1321 846 et
1353 789 1497 847 mali
1534 796 1627 850 est
1665 792 1991 868 infernum3
2049 801 2143 852 ast
2179 804 2468 872 quantum

344 905 493 947 vera
540 903 698 962 quae
746 884 1089 944 intellectus
1138 903 1256 945 non
1301 890 1621 966 conjuncta
1662 899 1804 950 sunt
1837 891 2008 952 bonis
2054 912 2206 970 quae
2245 897 2462 956 volun-

342 991 519 1058 tatia,
595 993 821 1045 tantum
876 985 1054 1046 homo
1102 989 1163 1044 in
1214 997 1377 1048 statu
1424 991 1620 1050 medio
1676 998 1797 1051 est:
1863 993 1990 1052 fere
2052 1000 2464 1075 unusquisque

342 1090 521 1149 homo
555 1087 735 1148 hodie
776 1089 839 1145 in
875 1086 983 1144 tali
1024 1093 1192 1146 statu
1654 1134 1657 1145 .
1692 1110 1867 1163 vera,
1922 1099 2083 1154 etex
2120 1099 2370 1158 scientia
2406 1105 2467 1157 et

344 1206 584 1268 quoque
626 1206 701 1248 ex
731 1187 1041 1247 intellectu
1070 1191 1196 1264 cogi
1654 1193 1691 1252 =l
1726 1194 1908 1253 saciat
1934 1195 2188 1255 multum
2217 1213 2292 1257 ex
2324 1198 2464 1269 illie,

340 1291 445 1351 vel
480 1307 694 1366 parum
734 1307 807 1348 ex
844 1289 997 1360 illis,
1032 1287 1133 1348 vel
1157 1308 1196 1347 n
1654 1293 1742 1353 vel
1777 1301 1984 1354 contra
2007 1296 2115 1356 illa
2151 1315 2226 1357 ex
2261 1316 2465 1359 amore

338 1391 484 1451 mali
520 1396 581 1449 et
615 1390 751 1450 inde
790 1388 908 1449 fide
936 1390 1075 1450 falsi
1088 1410 1116 1466 3.
1140 1390 1276 1450 ideo
1313 1415 1487 1452 ursit
1525 1415 1581 1454 ei
1616 1395 1715 1454 vel
1743 1395 1976 1455 coelum
2012 1397 2110 1457 vel
2143 1399 2457 1475 infernum,

338 1495 593 1584 primum
641 1498 782 1569 post
824 1499 1077 1551 mortem
1128 1492 1480 1568 perducitur
1530 1497 1591 1554 in
1641 1495 1932 1554 Mundum
1979 1501 2329 1574 spirituum,
2389 1516 2461 1559 ac

339 1594 425 1653 ibi
450 1592 517 1651 fit
552 1593 893 1670 conjunctio
934 1593 1076 1652 boni
1107 1599 1166 1652 et
1192 1597 1321 1654 veri
1347 1595 1465 1655 illis
1496 1597 1597 1672 qui
1626 1596 1900 1656 elevandi
1935 1605 2072 1656 sunt
2098 1601 2160 1658 in
2189 1599 2458 1676 Coelum,

298 1702 311 1716 '
342 1711 414 1754 ac
451 1693 787 1771 conjunctio
825 1694 968 1752 mali
1014 1702 1073 1754 et
1122 1693 1260 1752 falsi
1306 1695 1424 1755 illis
1464 1698 1565 1773 qui
1602 1697 1954 1775 conjiciendi
1991 1706 2130 1758 sunt
2164 1702 2225 1758 in
2260 1700 2458 1759 Infer-

338 1814 509 1855 num:
562 1812 700 1852 nam
734 1811 852 1852 non
888 1794 1031 1854 licet
1066 1794 1249 1853 alicui
1291 1797 1351 1854 in
1389 1794 1590 1868 Coele,
1632 1814 1743 1857 nec
1779 1801 1840 1856 in
1873 1797 2146 1870 Inferno,
2207 1801 2459 1861 divisam

336 1895 560 1956 habere
601 1901 889 1970 mentem,
944 1911 1161 1972 nempe
1206 1896 1372 1955 aliud
1414 1896 1750 1972 intelligere
1796 1904 1856 1958 et
1903 1898 2068 1958 aliud
2103 1900 2293 1975 velle,
2350 1902 2460 1961 sed

341 1995 499 2074 quod
538 1995 665 2055 vult
695 1995 813 2055 hoc
859 1997 1182 2074 intelliget,
1242 2004 1302 2056 et
1336 1997 1505 2079 ‘quod
1555 1997 1834 2075 intelligit
1872 1999 1988 2059 hoc
2024 2001 2214 2078 volet3
2274 2018 2458 2077 quare

336 2100 399 2157 in
446 2096 629 2157 Coelo
679 2098 781 2173 qui
820 2096 946 2156 vult
992 2099 1215 2157 bonum
1250 2098 1546 2176 intelliget
1590 2116 1818 2176 verum,
1876 2118 1946 2160 ac
1983 2101 2042 2158 in
2078 2101 2318 2161 Inserno
2356 2103 2458 2178 qui

334 2198 466 2258 vult
502 2196 726 2256 malum
763 2185 1055 2276 intelliget
1080 2199 1331 2275 falsum3
1369 2199 1504 2259 ideo
1543 2200 1705 2276 apud
1740 2200 1929 2262 bonos
1957 2200 2040 2260 ibi
2075 2208 2459 2262 removentur

334 2299 492 2359 falsa
528 2317 599 2358 ac
641 2299 857 2359 dantur
898 2319 1043 2360 vera
1075 2299 1232 2359 bono
1273 2300 1509 2360 illorum
1551 2305 1966 2363 convenientia
2010 2309 2071 2363 et
2110 2304 2452 2378 conformia,

337 2419 408 2461 ac
444 2400 528 2460 ibi
569 2399 733 2477 apud
756 2401 945 2460 malos
982 2410 1366 2461 removentur
1391 2418 1554 2476 vera,
1595 2418 1665 2460 ac
1696 2403 1911 2463 dantur
1935 2403 2091 2462 salsa
2126 2404 2282 2463 malo
2315 2405 2454 2465 illo-

336 2521 469 2563 rum
508 2503 923 2563 convenientia
962 2507 1023 2565 et
1058 2501 1399 2564 conformia.
1488 2503 1581 2561 Ex
1618 2501 1710 2563 his
1743 2509 1942 2582 patet,
2000 2503 2145 2581 quid
2189 2504 2454 2564 Mundus

336 2605 671 2683 spirituum.

494 2706 657 2764 426.
710 2705 784 2765 In
826 2705 1051 2765 Mundo
1093 2706 1407 2781 spirituum
1444 2712 1538 2766 est
1569 2707 1780 2782 ingens
1820 2720 2139 2781 numeruS,
2195 2708 2336 2783 quia
2369 2706 2454 2767 ibi

340 2813 434 2868 est
467 2808 697 2883 primus
737 2805 1081 2867 Conventus
1122 2810 1410 2881 omnium,
1451 2813 1511 2867 et
1546 2806 1630 2865 ibi
1669 2807 2058 2884 explorantur
2096 2823 2336 2883 omnen,
2394 2812 2456 2868 et

334 2912 811 2986 praeparantur:
868 2926 986 2968 non
1023 2912 1119 2968 est
1151 2908 1306 2968 fixus
1354 2909 1643 2968 terminus
1698 2907 2026 2969 durationis
2059 2907 2298 2968 illorum
2340 2908 2450 2985 ibi3

338 3008 575 3088 quidam
603 3008 779 3067 modo
814 3010 1034 3067 intrant
1067 3008 1265 3084 illum,
1308 3017 1367 3068 et
1402 3025 1542 3068 mox
1577 3009 1674 3068 vel
1700 3009 2051 3069 auferuntur
2083 3011 2142 3067 in
2183 3008 2452 3085 Coelum,

335 3110 435 3170 vel
475 3108 833 3186 dejiciuntur
866 3110 927 3167 in
977 3109 1284 3169 Infernum
1297 3131 1313 3187 3
1369 3108 1610 3187 quidam
1653 3116 2008 3187 permanent
2040 3110 2124 3169 ibi
2158 3110 2333 3170 modo
2375 3110 2454 3170 ad

333 3212 736 3288 septimana53
795 3209 1033 3286 quidam
1072 3210 1149 3268 ad
1172 3211 1380 3287 plures
1409 3226 1627 3286 annos,
1683 3212 1793 3270 sed
1828 3231 1949 3272 non
1984 3210 2143 3270 ultra
2178 3214 2448 3288 triginta:

335 3312 665 3372 durationis
702 3312 1029 3370 varietates
1068 3313 1333 3370 existunt
1372 3330 1445 3372 ex
1488 3312 2020 3389 correspondentia
2059 3319 2118 3370 et
2157 3327 2274 3369 non
2313 3327 2449 3369 cor-

332 3410 760 3489 respondentia
807 3412 1153 3471 interiorum
1200 3419 1259 3472 et
1306 3414 1668 3471 exteriorum
1721 3413 1883 3489 apud
1924 3413 2241 3471 hominem.
2328 3408 2450 3469 Sed

336 3510 630 3589 quomodo
667 3512 843 3571 homo
879 3515 940 3571 in
979 3512 1082 3572 illo
1117 3512 1340 3571 Mundo
1378 3513 1454 3572 ab
1492 3528 1612 3571 uno
1649 3519 1812 3571 statu
1835 3514 1898 3570 in
1933 3511 2185 3569 alterum
2213 3508 2448 3586 perdu-

334 3614 513 3682 citur,
570 3618 630 3671 et
656 3619 1084 3688 praeparatur,
1129 3616 1190 3671 in
1224 3612 1616 3690 sequentibus
1655 3612 1901 3672 dicetur.

490 3715 655 3771 427.
710 3711 997 3772 Homines
1044 3721 1181 3789 post
1221 3715 1479 3788 obitum,
1536 3716 1860 3788 utprimum
1893 3714 1954 3770 in
1993 3711 2280 3771 Mundum
2316 3714 2445 3791 spi-

326 3818 549 3875 rituum
592 3815 867 3889 veniunt,
928 3832 965 3871 a
1008 3814 1265 3874 Domino
1300 3815 1489 3891 probe
1528 3813 1999 3890 distinguuntur,
2052 3813 2196 3873 mali
2245 3817 2448 3875 statim

328 3916 654 3992 alligantur
692 3914 981 3975 Societati
1013 3915 1319 3985 infernali,
1360 3918 1429 3991 in
1467 3932 1588 3991 qua
1622 3914 1864 3975 fuerunt
1896 3917 1957 3975 in
1993 3915 2212 3975 mundo
2250 3914 2450 3993 quoad

330 4033 594 4075 amorem
639 4023 1018 4093 regnantem,
1073 4034 1143 4076 ac
1192 4016 1333 4075 boni
1382 4018 1583 4075 statim
1621 4016 1941 4094 alligantur
1978 4016 2264 4078 Societati
2299 4033 2444 4078 coe-

324 4116 497 4191 lesti,
533 4118 596 4175 in
631 4133 749 4193 qua
776 4119 956 4196 etiam
992 4117 1233 4178 fuerunt
1267 4120 1327 4176 in
1353 4117 1572 4176 mundo
1601 4118 1799 4196 quoad
1833 4137 2126 4193 amorem,
2185 4118 2448 4178 charita-

323 4225 448 4278 tem
504 4224 564 4278 et
614 4218 810 4279 fidem.
904 4212 986 4278 At
1035 4221 1275 4279 tametsi
1309 4221 1395 4278 ita
1444 4219 1705 4279 distincti
1757 4227 1926 4294 sunt,
1997 4236 2192 4296 usque
2233 4220 2303 4277 in‘
2340 4216 2446 4276 illo

322 4318 550 4379 Mundo
606 4320 999 4395 conveniunt,
1081 4336 1151 4380 ac
1203 4322 1358 4381 inter
1408 4337 1475 4381 se
1526 4320 1851 4395 loquuntur
1902 4335 2137 4394 omneS,
2206 4315 2444 4394 quando
