3013 5114
626 434 694 486 :34
1256 423 1349 476 DE
1393 423 1627 478 COELO
1670 421 1764 476 ΕΤ
1803 421 2137 477 INFERNO.

622 586 780 662 quod
815 585 916 644 illa
953 587 1212 644 societas
1251 586 1328 642 sit
1364 586 1423 643 in
1459 582 1731 642 Membro
1767 599 1877 642 seu
1903 582 2220 641 Provincia
2247 581 2452 660 aliqua
2484 581 2731 660 Capitis,

617 686 722 745 illa
755 688 816 744 in
843 685 1112 745 Membro
1149 701 1260 743 seu
1293 686 1611 744 Provincia
1645 684 2185 760 aliquaPectoris,
2234 682 2339 741 illa
2374 685 2433 741 in
2462 683 2733 743 Membro

619 794 722 845 aut
780 787 1094 847 Provincia
1151 785 1353 862 aliqua
1398 785 1799 855 Lumborum‚
1860 790 1921 845 et
1967 786 2053 843 sic
2102 801 2301 861 porro.
2375 784 2447 842 In
2491 802 2731 860 genere,

620 887 867 948 Coelum
901 903 1247 964 supremum
1294 903 1406 946 seu
1440 888 1681 945 tertium
1724 886 1940 945 format
1991 884 2188 963 Caput
2235 901 2429 961 usque
2477 886 2554 943 ad
2603 886 2732 945 col-

615 989 768 1064 lum,
827 987 1074 1048 Coelum
1110 988 1374 1046 medium
1410 1004 1524 1046 seu
1555 986 1884 1047 secundum
1924 987 2142 1045 format
2178 985 2402 1044 Pectus
2439 1003 2631 1063 usque
2657 986 2736 1045 ad

614 1088 850 1147 lumbos
888 1095 949 1148 et
983 1106 1211 1166 genua:
1251 1087 1499 1147 Coelum
1540 1087 1810 1146 ultimum
1840 1104 1950 1147 seu
1986 1089 2243 1163 primum
2287 1087 2503 1145 format
2533 1087 2733 1147 Pedes

617 1206 808 1266 usque
847 1189 923 1247 ad
961 1191 1232 1268 plantaS,
1288 1196 1348 1249 et
1384 1206 1622 1264 quoque
1658 1189 1919 1248 Brachia
1956 1205 2150 1264 usque
2187 1188 2264 1246 ad
2302 1186 2553 1264 digitoS,
2594 1205 2734 1247 nam

614 1291 860 1350 brachia
887 1297 947 1350 et
980 1306 1192 1350 manus
1230 1296 1369 1348 sunt
1406 1288 1617 1347 ultima
1644 1289 1899 1347 hominis
1911 1331 1931 1363 ,
1972 1291 2212 1347 tametsi
2249 1305 2285 1346 a
2321 1287 2530 1349 latere.
2582 1288 2730 1348 Inde

613 1396 826 1451 iterum
869 1398 1066 1468 patet,
1118 1408 1223 1449 cur
1259 1398 1381 1449 tres
1422 1389 1574 1447 coeli
1610 1396 1765 1448 sunt.

772 1494 880 1552 66.
939 1490 1197 1568 Spiritus
1237 1492 1339 1567 qui
1372 1490 1527 1549 infra
1565 1489 1814 1549 Coelum
1850 1497 1991 1548 sunt
2026 1491 2313 1547 mirantur
2349 1490 2550 1565 valde,
2596 1508 2733 1550 cum

612 1592 859 1650 audiunt
899 1598 960 1651 et
1007 1591 1236 1666 vident,
1294 1590 1453 1667 quod
1490 1589 1742 1650 Coelum
1788 1593 1866 1650 sit
1912 1596 2034 1647 tam
2083 1590 2238 1648 infra
2286 1607 2466 1667 quam
2511 1607 2730 1667 supra3

612 1699 751 1751 sunt
788 1694 944 1752 enim
980 1693 1040 1751 in
1076 1692 1257 1751 simili
1303 1692 1421 1751 fide
1474 1699 1536 1751 et
1582 1692 1891 1768 opinione,
1947 1693 2008 1748 in
2062 1689 2225 1767 quali
2271 1698 2411 1750 sunt
2456 1689 2730 1750 homines

609 1796 667 1851 in
710 1794 956 1869 mundo,
1011 1794 1172 1870 quod
1209 1792 1443 1852 coelum
1477 1810 1597 1852 non
1633 1792 1778 1853 alibi
1813 1794 1891 1852 sit
1928 1809 2109 1868 quam
2142 1809 2363 1869 supra3
2418 1809 2538 1850 non
2574 1794 2734 1850 enim

610 1897 833 1965 sciunt,
890 1895 1049 1971 quod
1101 1897 1250 1953 situs
1299 1893 1604 1953 coelorum
1652 1896 1732 1953 sit
1773 1897 1931 1953 sicut
1980 1892 2413 1968 membrorum,
2470 1909 2730 1970 organo-

608 2014 768 2071 rum,
826 2003 885 2055 et
933 1998 1231 2055 viscerum
1271 1997 1331 2053 in
1377 1995 1648 2070 homine,
1708 2013 1961 2072 quorum
2011 1992 2307 2071 quaedam
2357 2000 2496 2052 sunt
2546 2010 2733 2070 supra

609 2105 667 2156 et
706 2096 998 2172 quaedam
1034 2097 1215 2167 infra,
1272 2101 1333 2154 et
1369 2095 1529 2170 quod
1559 2098 1638 2154 sit
1672 2097 1827 2157 sicut
1860 2096 2011 2154 situs
2048 2097 2310 2170 partium
2348 2096 2408 2152 in
2444 2111 2724 2170 unoquo-

607 2198 696 2254 vis
745 2194 1044 2270 MembrO,
1104 2194 1373 2271 Organo,
1445 2203 1503 2253 et
1554 2195 1842 2269 viscere,
1911 2212 2163 2272 quarum
2227 2196 2526 2272 quaedam
2588 2201 2732 2253 sunt

605 2298 786 2367 intra,
845 2296 1139 2373 quaedam
1187 2301 1381 2371 extra3
1436 2295 1576 2355 inde
1614 2297 1984 2357 confundunt
2018 2313 2086 2354 se
2125 2295 2199 2355 de
2238 2295 2443 2356 Coelo·

761 2400 871 2456 67.
928 2397 1096 2456 Haec
1136 2397 1209 2456 de
1247 2396 1431 2456 Coelo
1470 2404 1536 2455 ut
1571 2398 1833 2456 Maximo
1869 2397 2126 2456 Homine
2166 2396 2352 2455 allata
2388 2403 2545 2472 sunt,
2587 2397 2732 2473 quia

603 2498 834 2576 absque
885 2498 990 2559 illa
1035 2500 1371 2577 cognitione
1424 2501 1676 2576 praevia
1721 2497 2063 2561 nullatenus
2108 2501 2242 2575 capi
2276 2504 2533 2576 possunt
2571 2514 2729 2575 quae

602 2608 937 2677 sequuntur
973 2601 1046 2660 de
1086 2600 1299 2676 Coe103
1355 2618 1466 2659 nec
1518 2607 1722 2679 potest
1770 2600 1973 2677 aliqua
2027 2600 2313 2659 distincta
2347 2600 2485 2658 idea
2518 2598 2731 2658 haberi

605 2703 678 2760 de
731 2703 949 2761 Forma
1000 2701 1196 2771 Coeli,
1250 2702 1324 2760 de
1381 2700 1812 2779 conjunctione
1874 2701 2117 2760 Domini
2179 2718 2314 2760 cum
2366 2700 2549 2759 Coelo
2565 2742 2582 2774 ,
2654 2699 2729 2759 de

608 2801 1037 2877 Conjunctione
1079 2801 1247 2860 Coeli
1287 2819 1421 2860 cum
1456 2802 1735 2876 homine,
1794 2818 1906 2861 nec
1948 2801 2021 2861 de
2066 2801 2305 2860 Influxu
2349 2801 2554 2859 mundi
2596 2802 2728 2876 spi·-

607 2901 841 2959 ritualis
878 2904 939 2959 in
985 2901 1355 2972 naturalem,
1414 2907 1473 2960 et
1509 2918 1759 2977 prorsus
1809 2918 1926 2959 non
1974 2902 2175 2978 aliqua
2227 2903 2301 2962 de
2351 2902 2727 2979 Correspon-

611 3002 843 3076 dentia,
900 3000 975 3060 de
1013 3001 1228 3077 quibus
1278 3007 1478 3061 tamen
1535 3002 1740 3061 ordine
1792 3004 1852 3060 in
1897 3019 2055 3061 nunc
2092 3003 2484 3080 sequentibus
2535 3020 2727 3080 agen-

609 3102 750 3159 dum
790 3108 908 3161 est:
960 3109 1329 3178 quapropter
1367 3101 1442 3161 ad
1479 3101 1738 3196 dandum
1774 3104 1971 3163 lucem
2004 3105 2067 3161 in
2107 3104 2246 3179 illis„
2284 3104 2398 3165 hoc
2432 3104 2731 3180 praemis-

608 3219 739 3260 sum
783 3208 892 3261 est.

712 3351 962 3447 Quod
1047 3354 1594 3448 unaquaevis
1677 3353 2096 3424 Societas
2176 3356 2264 3425 in
2336 3353 2624 3426 coelis

1065 3452 1405 3523 referat
1474 3480 1736 3523 unum
1799 3454 2261 3525 hominem.

766 3607 877 3665 68.
934 3605 1111 3681 Quod
1146 3609 1518 3684 unaquaevis
1562 3605 1834 3667 Societas
1877 3607 2030 3667 coeli
2067 3610 2247 3667 etiam
2280 3608 2504 3669 referat
2542 3626 2729 3667 unum

608 3706 936 3781 hominem,
1005 3714 1064 3766 et
1113 3725 1350 3784 quoque
1402 3711 1463 3767 in
1503 3709 1889 3768 similitudine
1931 3708 2185 3768 hominis
2232 3711 2340 3787 sit,
2407 3709 2727 3787 aliquoties

611 3806 755 3866 mihi
805 3806 1010 3867 videre
1054 3807 1254 3867 datum
1307 3816 1430 3869 est:
1460 3816 1619 3869 ·erat
1656 3809 1957 3884 Societas,
2012 3811 2074 3867 in
2120 3828 2299 3886 quam
2345 3828 2412 3870 se
2456 3812 2729 3870 insinua-

610 3913 827 3974 verunt
870 3908 1107 3984 plureS,
1176 3911 1280 3985 qui
1330 3917 1625 3969 noverunt
1680 3912 1918 3970 mentiri
1966 3910 2119 3969 lucis
2177 3911 2476 3989 Angelos,
2556 3916 2730 3971 erant

607 4008 992 4086 hypocritae:
1072 4025 1205 4067 cum
1265 4009 1329 4068 hi
1396 4017 1823 4086 separarentur
1886 4010 1963 4069 ab
2025 4011 2307 4089 Angelis,
2381 4011 2503 4071 vidi
2566 4010 2729 4089 quod

611 4110 842 4185 integra
894 4108 1164 4168 Societas
1193 4103 1198 4108 ’
1225 4111 1482 4186 primum
1542 4117 1892 4189 appareret·
1922 4113 2078 4172 sicut
2140 4131 2324 4173 unum
2383 4113 2724 4189 obscurum,

610 4208 746 4269 dein
780 4227 892 4286 per
933 4209 1154 4286 gradus
1190 4213 1251 4269 in
1299 4212 1490 4271 forma
1533 4206 1794 4271 humana
1830 4213 2010 4273 etiam
2047 4213 2327 4290 obscure,
2385 4221 2445 4274 et
2481 4211 2724 4273 tandem

606 4312 762 4371 sicut
796 4310 1006 4370 homo:
1059 4310 1147 4370 illi
1183 4313 1287 4389 qui
1319 4313 1380 4371 in
1424 4312 1664 4373 homine
1702 4320 1897 4388 erant,
1965 4320 2027 4375 et
2060 4314 2496 4391 componebant
2530 4313 2723 4386 illum,
2753 4340 2764 4347 0
