3013 5114
585 456 653 508 84
1200 444 1293 498 DE
1337 442 1570 499 COELO
1612 442 1706 497 ET
1745 441 2080 501 INFERNO.

578 609 752 666 homo
792 605 1063 664 similiter
1098 606 1291 682 possit
1323 606 1477 663 verti
1514 604 1592 662 ad
1625 603 1982 677 Dominum3
2046 600 2156 662 sed
2208 603 2261 660 si
2308 603 2369 659 in
2405 602 2561 661 malo
2601 609 2698 663 est

580 707 777 784 quoad
808 710 1008 781 vitam,
1049 706 1206 782 quod
1244 705 1399 764 illico
1431 712 1743 763 convertat
1771 722 1836 763 se
1866 712 2045 774 retr0‚
2095 710 2154 763 et
2184 703 2493 762 confirmet
2531 703 2695 780 apud

581 825 646 867 se
684 808 838 866 salsa
865 810 960 866 sui
995 806 1135 865 mali
1184 813 1390 865 contra
1429 823 1576 864 vera
1613 823 1767 881 quae
1805 805 2098 864 intellexit
2135 811 2194 863 et
2227 804 2393 879 vidit,
2435 810 2494 863 et
2530 803 2692 881 quod

577 909 691 968 hoc
728 909 833 967 fiat
869 925 1001 966 cum
1039 908 1202 984 apud
1237 924 1304 967 se
1343 925 1417 967 ex
1453 909 1722 965 interiori
1757 922 1867 964 suo
1905 909 2151 983 cogitat.

665 1078 786 1144 De
842 1072 1506 1175 Μιιῑξειῐίοιιίῐῌιιε
1566 1091 1869 1144 status
1925 1072 2467 1170 Angelorum
2521 1073 2608 1144 in

1486 1175 1779 1246 Coelo.

743 1315 899 1373 154.
982 1310 1101 1370 Per
1168 1313 1528 1369 mutationes
1589 1317 1783 1368 status
1847 1310 2225 1386 Angelorum
2284 1309 2698 1386 intelliguntur

581 1416 940 1472 mutationes
999 1430 1201 1470 eorum
1252 1412 1449 1487 quoad
1500 1429 1763 1468 amorem
1802 1419 1862 1468 et
1901 1412 2103 1486 fidem,
2163 1419 2222 1470 et
2265 1411 2400 1469 inde
2444 1412 2694 1487 sapien-

579 1517 718 1572 tiam
760 1520 819 1571 et
854 1513 1338 1588 intelligentiam,
1394 1515 1478 1570 ita
1523 1513 1719 1589 quoad
1758 1519 1948 1570 status
1987 1515 2143 1570 vitae
2184 1530 2421 1571 eorum:
2488 1510 2695 1570 Status

579 1616 853 1673 dicuntur
903 1614 976 1671 de
1028 1616 1180 1687 vita,
1240 1620 1300 1672 et
1354 1613 1426 1671 de
1478 1614 1596 1672 illis
1651 1631 1806 1689 quae
1847 1616 2006 1672 vitae
2048 1620 2218 1688 sunt3
2286 1620 2343 1670 et
2382 1613 2522 1688 quia
2568 1613 2695 1669 vita

578 1715 854 1791 angelica
892 1720 983 1773 est
1016 1715 1139 1771 vita
1174 1715 1391 1773 amoris
1438 1722 1496 1772 et
1530 1714 1702 1788 fidei,
1756 1722 1814 1773 et
1856 1714 1992 1773 indo
2032 1716 2363 1791 sapientiae
2403 1719 2463 1771 et
2509 1711 2692 1770 intel-

576 1817 892 1892 ligentiac,
948 1815 1082 1871 ideo
1142 1822 1333 1873 status
1383 1815 1456 1874 de
1510 1816 1628 1874 illis
1676 1814 1984 1889 dicuntur,
2052 1822 2110 1873 et
2162 1821 2453 1872 vocantur
2499 1820 2692 1871 slatus

579 1918 797 1976 amoris
838 1924 895 1975 et
929 1916 1096 1991 fidoi,
1158 1933 1226 1974 ac
1284 1924 1473 1975 status
1526 1918 1857 1993 sapientiae
1909 1924 1969 1975 et
2004 1916 2474 1991 intelligentiae:
2534 1930 2688 1989 quo-

579 2018 751 2077 modo
788 2018 850 2076 hi
886 2024 1078 2076 status
1116 2017 1276 2092 apud
1313 2019 1580 2095 Angelos
1620 2025 1950 2090 mutantur,
1998 2018 2093 2077 hic
2131 2034 2285 2075 nunc
2325 2016 2571 2074 dicetur.

738 2119 893 2177 155.
961 2117 1177 2192 Angeli
1230 2136 1347 2176 non
1388 2126 1733 2178 constanter
1776 2121 1836 2176 in
1881 2119 2059 2176 simili
2109 2124 2267 2175 statu
2316 2124 2455 2175 sunt
2492 2115 2692 2192 quoad

472 2250 483 2256 -
579 2235 870 2291 amorem,
912 2224 971 2276 et
1005 2218 1140 2276 inde
1184 2235 1293 2277 nec
1334 2223 1394 2277 in
1436 2219 1614 2278 simili
1651 2219 1852 2295 quoad
1886 2221 2273 2295 sapientiam,
2322 2236 2460 2275 nam
2499 2218 2690 2275 omnis

576 2319 872 2395 sapientia
915 2318 1032 2376 illis
1085 2326 1176 2376 est
1226 2336 1299 2377 ex
1350 2338 1553 2379 amore
1593 2327 1653 2378 et
1688 2320 2016 2379 secundum
2066 2337 2330 2378 amorem
2345 2339 2361 2393 3
2415 2318 2690 2395 quando-

576 2437 691 2496 que
734 2421 793 2476 in
835 2425 996 2477 statu
1037 2421 1253 2478 intensi
1290 2423 1509 2479 amoris
1548 2427 1717 2492 sunt,
1768 2420 2126 2498 quandoque
2165 2422 2223 2478 in
2260 2427 2419 2479 statu
2465 2421 2686 2477 amoris

575 2539 692 2580 non
730 2522 975 2595 intensi3
1028 2520 1324 2581 decrescit
1360 2522 1457 2582 ille
1496 2539 1605 2598 per
1642 2522 1863 2599 gradus
1894 2540 1931 2580 a
1966 2539 2075 2581 suo
2114 2524 2368 2580 maximo
2408 2520 2484 2579 ad
2512 2521 2691 2580 mini-

574 2642 734 2682 mum
751 2644 765 2698 ;
825 2623 1061 2699 quando
1114 2626 1173 2681 in
1222 2624 1413 2699 gradu
1461 2627 1681 2682 amoris
1734 2626 1988 2682 maximo
2044 2631 2213 2693 sunt,
2266 2630 2407 2681 tunc
2442 2624 2502 2679 in
2539 2639 2690 2682 suae

573 2727 730 2782 vitae
780 2724 913 2783 luce
974 2731 1032 2781 et
1094 2724 1292 2784 calore
1356 2731 1528 2797 sunt,
1594 2742 1703 2784 seu
1749 2728 1811 2784 in
1875 2743 1984 2783 suo
2045 2724 2206 2783 claro
2272 2731 2331 2782 et
2385 2723 2686 2800 jucund03

575 2825 811 2900 quando
850 2834 1050 2882 autem
1086 2827 1147 2882 in
1182 2828 1419 2884 minimo
1457 2832 1629 2895 sunt,
1665 2833 1807 2885 tunc
1843 2828 1903 2883 in
1939 2826 2149 2884 umbra
2187 2832 2246 2882 et
2280 2827 2497 2901 frigore
2527 2832 2685 2896 sunt,

573 2943 682 2983 seu
719 2927 780 2982 in
815 2941 924 2984 suo
961 2924 1216 2983 obscuro
1255 2933 1313 2984 et
1348 2926 1702 3001 injucundo:
1761 2945 1796 2984 a
1834 2934 1995 2985 statu
2030 2927 2238 2985 ultimo
2278 2926 2530 2985 redeunt
2564 2928 2684 2985 ite·

571 3043 702 3083 rum
741 3025 816 3082 ad
852 3026 1141 3101 primum,
1183 3031 1243 3083 et
1278 3027 1364 3084 sic
1401 3043 1611 3102 porro:
1668 3028 1830 3086 vices
1869 3028 2009 3086 illae
2042 3029 2373 3086 succedunt
2401 3044 2519 3085 una
2545 3034 2688 3104 post

573 3126 852 3200 alteram,
910 3142 1044 3184 cum
1080 3127 1393 3185 varietate.
1483 3127 1563 3185 Hi
1614 3135 1807 3186 status
1865 3130 2224 3204 succedunt,
2282 3131 2437 3187 sicut
2477 3130 2684 3187 varia-

572 3229 765 3284 tiones
802 3232 996 3284 status
1036 3226 1186 3284 lucis
1235 3233 1295 3285 et
1341 3228 1624 3300 umbrae,
1685 3229 1899 3288 caloris
1951 3238 2011 3289 et
2055 3231 2318 3306 frigoris,
2367 3237 2479 3288 aut
2528 3231 2689 3289 sicut

574 3344 778 3402 mane,
834 3327 1149 3405 meridie8‚
1189 3345 1480 3404 vespera,
1536 3335 1595 3387 et
1630 3347 1776 3403 nox,
1823 3332 2070 3407 singulis
2113 3331 2321 3389 diebus
2358 3334 2419 3388 in
2444 3330 2684 3403 mundo,

575 3446 710 3488 cum
763 3431 1057 3490 varietate
1105 3437 1403 3505 perpetua
1445 3432 1603 3488 intra
1654 3449 1902 3488 annum:
1960 3432 2427 3506 correspondent
2485 3433 2689 3500 etiam,

572 3547 745 3588 mane
786 3532 969 3589 statui
1005 3533 1221 3589 amoris
1260 3530 1496 3589 illorum
1544 3533 1605 3588 in
1657 3532 1845 3605 claro,
1904 3532 2181 3590 meridies
2219 3534 2401 3590 statui
2437 3534 2686 3608 sapien-

571 3632 691 3689 tiae
740 3631 977 3691 illorum
1032 3633 1092 3689 in
1151 3632 1343 3707 claro,
1407 3649 1668 3709 vespera
1720 3634 1902 3691 statui
1955 3635 2287 3709 sapientiae
2338 3633 2574 3691 illorum
2620 3634 2686 3690 in

572 3731 861 3803 obscuro,
930 3739 990 3790 et
1040 3751 1156 3791 nox
1216 3736 1400 3791 statui
1468 3734 1690 3791 nullius
1744 3736 1962 3792 amoris
2031 3740 2091 3791 et
2141 3736 2505 3809 sapientiae:
2572 3732 2687 3791 sed

569 3832 873 3890 sciendum
913 3839 1030 3905 est,
1096 3835 1255 3909 quod
1300 3852 1417 3891 non
1453 3837 1532 3892 sit
1582 3835 2111 3911 correspondentia
2147 3837 2337 3892 noctis
2378 3851 2515 3892 cum
2550 3839 2682 3891 sta-

569 3932 730 3990 tibus
770 3934 930 3990 vitae
970 3932 1208 3991 illorum
1248 3936 1349 4008 qui
1383 3937 1441 3991 in
1481 3935 1681 4005 coelo,
1733 3936 1845 3994 sed
1889 3942 1982 3994 est
2017 3934 2550 4011 coi-respondentia
2586 3933 2682 3992 di-

565 4030 753 4091 luculi
798 4031 957 4109 quod
1010 4040 1103 4091 est
1155 4041 1293 4092 ante
1343 4052 1546 4111 mane3
1615 4035 2146 4112 correspondentia
2179 4038 2371 4095 noctis
2411 4041 2505 4094 est
2547 4051 2686 4092 cum

565 4130 683 4191 illis
725 4134 828 4209 qui
874 4134 934 4192 in
969 4132 1208 4192 Inferno
1249 4130 1387 4214 (sss).
1470 4136 1557 4195 Ex
1606 4136 2138 4214 correspondentia
2188 4136 2294 4195 illa
2343 4143 2465 4211 est,
2524 4135 2689 4213 quod

638 4357 641 4360 ’
720 4356 844 4426 (fri)
903 4355 1066 4425 Quod
1119 4358 1179 4411 in
1234 4357 1415 4413 Coelo
1472 4377 1588 4413 non
1630 4360 1703 4414 sit
1745 4370 1923 4414 status
1978 4360 2444 4435 correspondens
2497 4360 2682 4427 nocti,
