3013 5114
561 429 673 482 ‘238
1180 416 1272 468 DE
1315 412 1558 470 COELO
1599 411 1694 467 ET
1732 411 2068 469 INFERNO.

565 589 626 639 et
684 585 967 656 quantum
1021 577 1135 636 hoc
1189 582 1445 654 possunt
1489 581 1723 633 tantum
1775 577 1836 632 in
1878 572 2146 652 jucundo
2201 576 2358 631 sunt.
2456 570 2547 630 Ex
2595 571 2690 632 his

563 697 801 757 quoque
842 681 980 738 solri
1027 686 1266 754 potest,
1323 677 1478 736 unde
1525 683 1618 735 est
1664 675 1826 753 quod
1860 675 2166 734 Infernum
2222 676 2301 733 sit
2336 680 2688 748 separatum

564 803 601 842 a
642 781 809 841 coelo
822 825 838 854 ,
885 797 1088 839 omnes
1129 782 1281 837 enim
1321 781 1422 855 qui
1459 781 1518 836 in
1552 777 1793 836 Inferno
1831 782 1988 846 sunt,
2030 775 2288 849 fuerunt,
2341 790 2476 833 oum
2515 776 2689 834 vixe-

564 891 701 943 runt
743 886 801 941 in
844 881 1093 955 mundo,
1121 883 1210 957 ¹in
1246 881 1390 939 solis
1422 879 1708 957 jucundis
1747 879 2014 953 eorporis
2046 883 2104 936 et
2139 879 2335 935 earnis
2381 893 2455 934 ex
2485 891 2688 936 amore

564 987 659 1045 sui
696 991 756 1043 et
793 982 1012 1057 mundi,
1054 999 1257 1041 omnes
1297 989 1497 1040 autem
1537 982 1639 1056 qui
1673 981 1732 1037 in
1775 978 2005 1053 CoeliS,
2045 978 2304 1047 fuerunt,
2345 994 2480 1036 cum
2514 979 2686 1036 vixe-

565 1094 702 1145 runt
744 1088 802 1142 in
845 1083 1091 1157 mundo,
1148 1085 1208 1140 in
1249 1082 1535 1159 jucundis
1579 1083 1811 1139 animae
1858 1086 1917 1138 et
1966 1081 2211 1155 spiritus
2253 1096 2326 1138 ex
2374 1095 2577 1137 amore
2629 1079 2690 1136 in

563 1188 883 1246 Dominum
925 1195 982 1243 et
1024 1203 1098 1243 ex
1138 1202 1338 1243 amore
1378 1201 1522 1259 erga
1572 1184 1944 1258 proximum3
1985 1183 2087 1257 qui
2124 1196 2358 1239 amores
2398 1181 2540 1256 quia
2560 1186 2686 1256 ‘op-

565 1290 747 1365 positi
786 1296 951 1356 sunt,
1005 1286 1138 1344 ideo
1178 1287 1356 1344 etiam
1391 1284 1619 1342 Inferni
1656 1289 1715 1341 et
1746 1280 1915 1340 Coeli
1950 1297 2199 1359 prorsus
2233 1282 2501 1357 separati
2527 1285 2686 1355 sunt,

568 1397 628 1448 et
671 1388 906 1465 quidem
944 1389 1001 1445 in
1038 1392 1295 1460 tantum,
1354 1393 1418 1443 ut
1454 1385 1701 1460 spiritus
1734 1385 1833 1458 qui
1864 1384 1920 1439 in
1949 1383 2179 1442 inferno
2218 1389 2412 1441 estne
2451 1381 2692 1458 quidem

572 1493 730 1548 ausit
767 1489 983 1565 ejicere
1020 1487 1157 1545 inde
1200 1505 1381 1544 unum
1423 1486 1698 1562 digitum,
1755 1490 1861 1542 aut
1900 1483 2141 1546 elevare
2180 1501 2475 1543 summum
2514 1483 2685 1559 capi-

568 1593 678 1664 tis,
719 1608 855 1646 nam
895 1587 1247 1664 quantillum
1284 1588 1444 1664 ejicit
1482 1594 1587 1644 aut
1624 1585 1850 1654 elevat,
1904 1590 2220 1660 torquetur
2260 1590 2319 1643 et
2355 1585 2687 1643 cruciatur:

568 1691 683 1750 hoo
723 1707 958 1766 quoque
998 1691 1241 1764 saepius
1284 1691 1475 1747 visum
1515 1694 1622 1747 est.
2226 1762 2237 1777 s

729 1794 892 1849 401.
957 1790 1151 1848 Homo
1192 1791 1292 1865 qui
1329 1791 1387 1847 in
1429 1806 1630 1847 amore
1671 1790 1764 1846 sui
1802 1795 1862 1846 et
1896 1787 2098 1847 mundi
2135 1793 2255 1859 est,
2313 1784 2692 1862 quamdiu-in

569 1910 820 1968 corpore
856 1894 1035 1959 vivit,
1091 1894 1272 1950 sentit
1298 1890 1633 1968 jucundum
1673 1907 1743 1947 ex
1783 1889 1930 1961 illis,
1973 1895 2031 1946 et
2070 1905 2310 1965 quoque
2349 1889 2408 1944 in
2436 1887 2690 1962 singulis

566 1993 977 2070 voluptatibus
1017 2010 1169 2069 quae
1198 2000 1340 2051 sunt
1379 2010 1452 2051 ex
1486 1992 1640 2049 illis:
1693 1991 1870 2049 homo
1913 1996 2112 2048 autem
2154 1990 2256 2064 qui
2291 1990 2350 2046 in
2388 2004 2590 2046 amore
2625 1988 2689 2047 in

570 2096 767 2153 Deum
812 2100 870 2152 et
906 2096 965 2151 in
1005 2094 1223 2151 Amore
1272 2111 1414 2168 erga
1453 2093 1792 2169 proximum
1830 2097 1952 2165 est,
2007 2090 2291 2167 quamdiu
2329 2090 2389 2146 in
2437 2105 2690 2164 corpore

566 2198 742 2266 vivit,
798 2211 915 2250 non
950 2196 1132 2251 sentit
1176 2194 1488 2252 manifeste
1518 2192 1855 2269 jucundum
1895 2209 1969 2250 ex
2006 2191 2122 2250 illis
2143 2236 2159 2264 ,
2220 2200 2279 2250 et
2307 2209 2381 2250 ex
2419 2189 2690 2249 affectio-

565 2294 740 2351 nibus
778 2294 949 2351 bonis
989 2311 1142 2369 quae
1178 2302 1318 2351 sunt
1356 2312 1430 2351 ex
1478 2286 1630 2365 illis‘,
1685 2293 1794 2351 sed
1839 2292 2015 2351 modo
2062 2293 2304 2351 beatum
2341 2308 2537 2369 paene
2572 2293 2688 2348 im-

565 2395 988 2472 perceptibile‚
1048 2397 1187 2471 quia
1222 2395 1597 2453 reconditum
1633 2403 1725 2452 est
1758 2397 1821 2453 in
1856 2393 2242 2452 interioribus
2285 2394 2448 2471 eJuS,
2488 2397 2547 2450 et
2583 2391 2693 2451 ob-

563 2497 829 2555 velatum
886 2496 961 2554 ab
1018 2497 1412 2555 exterioribus
1460 2515 1617 2574 quae
1672 2498 2164 2572 sunt1oorporiS,
2241 2502 2302 2553 et
2356 2511 2468 2572 per
2515 2509 2691 2552 curas

564 2600 769 2657 mundi
816 2598 1195 2658 hebetatum:
1251 2606 1313 2657 at
1349 2606 1653 2659 mutantur
1690 2614 1936 2674 prorsus
1976 2604 2171 2655 status
2216 2602 2357 2672 post
2410 2601 2659 2655 mortem
2673 2618 2691 2671 3

555 2700 829 2777 jucunda
871 2702 1089 2758 amoris
1138 2703 1231 2758 sui
1272 2706 1331 2759 et
1364 2700 1569 2758 mundi
1606 2706 1923 2757 vertuntur
1974 2704 2116 2756 ωηο
2168 2700 2229 2755 in
2278 2695 2584 2756 dolorifica
2621 2713 2695 2756 ac

567 2801 729 2869 dira,
785 2804 927 2875 quia
963 2802 1022 2858 in
1061 2800 1206 2857 talia
1243 2805 1397 2876 qu'ae
1433 2807 1726 2859 vocantur
1769 2802 1920 2877 ignis
1958 2799 2297 2873 infernaliS,
2356 2806 2415 2858 et
2450 2814 2561 2874 per
2588 2800 2694 2857 avi-

566 2918 669 2958 ces
707 2902 767 2957 in
804 2916 1024 2975 spurca
1062 2907 1121 2957 et
1158 2901 1401 2959 sordida
1447 2900 1769 2959 immundis
1820 2901 2055 2959 illorum
2106 2900 2517 2976 voluptatibus
2554 2916 2694 2959 cor-

566 2999 1031 3074 respondentia,
1091 3017 1245 3075 quae
1296 3008 1438 3059 tunc
1485 3001 1638 3076 illis,
1698 3001 1857 3078 quod
1907 3004 2149 3075 mirum,
2197 3000 2469 3078 jucunda
2514 3007 2692 3060 sunt:

565 3098 690 3159 Sed
732 3099 1063 3176 jucundum
1120 3100 1470 3172 obscurum,
1528 3120 1597 3160 ao
1646 3103 1891 3162 beatum
1943 3121 2138 3179 paene
2192 3085 2692 3179 imperceptibile,

565 3200 723 3276 quod
758 3200 957 3259 fuerat
992 3200 1155 3277 apud
1189 3201 1324 3260 illos
1359 3204 1422 3259 in
1458 3203 1678 3261 mundo
1700 3248 1715 3276 ,
1774 3205 1874 3280 qui
1913 3205 1970 3260 in
2009 3220 2210 3263 amore
2246 3206 2307 3262 in
2347 3204 2580 3271 Deum,
2630 3207 2695 3261 et

564 3305 626 3360 in
663 3318 865 3360 amore
905 3319 1048 3378 erga
1095 3304 1429 3378 proximum
1467 3304 1743 3378 fuerunt,
1802 3307 2054 3372 vertitur
2091 3310 2232 3380 tune
2272 3308 2331 3363 in
2357 3302 2695 3381 jucundum

564 3402 750 3477 Coeli,
802 3403 961 3480 quod
1010 3403 1281 3463 omnibus
1330 3404 1521 3463 modis
1572 3404 1966 3481 perceptibile
2019 3411 2081 3465 et
2138 3406 2425 3465 sensibile
2470 3405 2577 3480 sit3
2631 3403 2698 3463 id

565 3508 722 3565 enim
775 3506 1050 3577 beatum,
1109 3505 1270 3581 quod
1316 3508 1684 3564 reconditum
1741 3505 1918 3565 latuit
1968 3508 2026 3564 in
2076 3506 2488 3578 interioribus»,
2555 3522 2695 3565 cum

563 3609 841 3665 vixerunt
877 3609 934 3663 in
972 3606 1221 3679 mund0‚
1263 3607 1566 3666 revelatur
1601 3613 1743 3665 ωηο
1780 3623 1851 3666 ac
1890 3609 2178 3666 emittitur
2213 3610 2273 3665 in
2311 3607 2694 3667 manifestum

563 3722 843 3779 sensum,
903 3710 1042 3782 quia
1087 3711 1150 3767 in
1202 3710 1418 3784 spiritu
1473 3715 1615 3766 ωηο
1665 3715 1838 3783 sunt,
1898 3715 1957 3767 et
2005 3708 2066 3767 id
2109 3708 2448 3785 jucundum
2485 3725 2692 3767 eorum

564 3808 812 3882 spiritus
852 3808 979 3866 fuit.

722 3910 885 3965 402.
947 3907 1162 3966 Omnia
1188 3909 1463 3984 jucunda
1501 3908 1669 3969 Coeli
1706 3912 2024 3988 conjuncta
2051 3915 2190 3968 sunt
2227 3928 2298 3970 ae
2325 3913 2529 3970 insunt
2563 3909 2697 3967 usi-

487 4059 488 4064 ,
563 4004 715 4079 bus»,
772 4008 911 4082 quia
955 4024 1124 4065 usus
1152 4014 1291 4065 sunt
1340 4008 1499 4067 bona
1552 4013 1769 4069 amoris
1836 4017 1896 4070 et
1955 4011 2294 4087 charitatis,
2361 4014 2422 4069 in
2477 4009 2695 4094 quibus

563 4113 703 4164 sunt
737 4106 986 4182 Angeli3
1045 4114 1412 4183 quapropter
1464 4110 1610 4168 talia
1646 4111 1890 4170 cuilibet
1930 4111 2204 4190 jucunda
2252 4118 2420 4183 sunt,
2478 4110 2694 4195 quales

563 4214 704 4264 sunt
739 4223 913 4279 usus,
952 4213 1013 4266 et
1052 4224 1290 4284 quoque
1321 4210 1383 4265 in
1417 4210 1527 4268 tali
1571 4211 1791 4287 gradu,
1831 4214 1890 4270 in
1928 4212 2090 4289 quali
2120 4222 2213 4272 est
2248 4213 2484 4272 affectio
2521 4226 2691 4270 usus,

566 4306 741 4384 Quod
776 4310 973 4368 omnia
998 4308 1270 4387 jucunda
1305 4310 1457 4369 coeli
1484 4312 1602 4369 sint
1629 4311 1901 4389 jucunda
1935 4329 2114 4388 usuS‚
2172 4321 2449 4374 constare
2487 4316 2694 4388 potest
