3013 5114
548 437 658 489 184
1162 425 1259 478 DE
1312 423 1550 480 COELO
1593 423 1686 482 ET
1727 423 2061 525 INFERJQO.

550 589 840 648 charitate
888 592 1096 643 mutua
1140 587 1450 644 vixerunt:
1509 585 1581 642 de
1620 584 1836 660 quibus
1874 603 2056 642 unum
2093 585 2424 642 alterumve
2465 599 2669 642 exem-

545 690 713 768 plum
750 687 893 747 licet
929 686 1157 745 afferre.
1244 686 1394 745 Cum
1439 686 1558 762 legi
1615 685 1775 762 Cap:
1815 685 1997 744 XVII
2034 692 2093 743 et
2126 685 2344 743 XVIII
2390 684 2673 744 Judicum

548 791 622 850 de
661 788 891 862 Micha,
945 786 1105 864 quod
1130 787 1321 846 Danis
1357 787 1463 845 filii
1499 787 1853 845 abstulerint
1898 786 2028 864 ejus
2063 785 2394 862 Sculptile,
2433 786 2669 845 Thera·-

544 891 745 970 phim‚
803 896 864 948 et
910 889 1215 958 Levitam‚
1268 898 1407 946 tunc
1459 895 1588 946 erat
1634 885 1894 963 Spiritus
1941 905 2014 946 ex
2063 886 2386 964 gentilibus
2399 931 2418 961 ,
2475 888 2670 963 quiin

547 995 674 1052 vita
726 992 993 1068 corporis
1054 991 1150 1048 sui
1204 989 1563 1047 adoraverat
1608 989 1922 1064 sculptile3
1979 1006 2110 1047 cum
2165 995 2388 1046 attente
2437 988 2672 1046 audiret

551 1093 691 1172 quid
729 1093 950 1151 factum
986 1089 1253 1166 Michae,
1313 1096 1372 1150 et
1416 1092 1475 1147 in
1527 1106 1642 1165 quo
1691 1089 1894 1148 dolore
1938 1090 2051 1148 fuit
2104 1096 2353 1165 propter
2389 1089 2668 1165 sculptile

549 1211 756 1268 suum,
816 1192 973 1268 quod
1016 1191 1392 1250 abstulerunt
1427 1191 1723 1266 Danitae,
1781 1194 1957 1249 etiam
1999 1190 2162 1248 illum
2202 1190 2671 1266 superveniebat

550 1302 611 1357 et
657 1292 958 1353 afficiebat
1005 1292 1201 1364 dolor,
1258 1308 1450 1367 usque
1496 1291 1648 1349 adeo
1689 1298 1766 1365 ,ut
1812 1293 1910 1349 vix
1957 1293 2139 1350 sciret
2189 1308 2334 1366 prae
2389 1293 2667 1349 interiore

444 1390 447 1393 “
549 1395 757 1455 dolore
797 1393 938 1470 quid
978 1395 1297 1469 cogitaret,
1340 1394 1441 1467 qui
1479 1390 1648 1449 dolor
1682 1399 2008 1469 perceptus
2048 1399 2166 1466 est,
2218 1398 2277 1449 et
2311 1391 2489 1450 simul
2523 1409 2667 1467 per-

549 1502 729 1573 cepta
786 1496 1126 1552 innocentia
1186 1494 1244 1551 in
1306 1492 1555 1569 singulis
1624 1494 1754 1569 ejus
1810 1493 2256 1552 affectionibus:
2348 1492 2668 1551 Christiani

548 1599 725 1655 etiam
763 1596 1010 1670 spiritus
1049 1594 1323 1666 aderant,
1379 1600 1439 1651 et
1476 1593 1905 1668 observabant,
1966 1601 2024 1653 et
2056 1596 2251 1652 mirati
2287 1600 2452 1667 sunt,
2512 1593 2670 1669 quod

547 1695 845 1773 sculptilis
877 1695 1155 1754 adorator
1191 1701 1357 1753 tanta
1392 1695 1834 1753 misericordiae
1866 1701 1926 1754 et
1951 1698 2326 1754 innocentiae
2357 1694 2667 1752 affectione

545 1803 909 1857 moveretur.
981 1797 1207 1855 Postea
1243 1796 1382 1855 boni
1419 1797 1669 1871 spiritus
1709 1814 1843 1855 cum
1883 1814 1952 1855 eo
1990 1797 2223 1873 loquuti
2260 1803 2418 1866 sunt,
2460 1796 2666 1853 dieen-

546 1906 678 1973 tes,
737 1897 898 1975 quod
933 1896 1215 1974 sculptile
1254 1915 1367 1955 non
1400 1902 1563 1955 esset
1590 1897 1991 1968 adorandum,
2047 1904 2105 1955 et
2145 1898 2304 1973 quod
2339 1897 2451 1956 hoc
2481 1896 2663 1954 intel-

542 2000 734 2076 ligere
784 2004 995 2075 posset
1054 2001 1194 2075 quia
1242 1998 1448 2071 houm,
1534 1997 1643 2056 sed
1700 1989 1877 2074 quod'
1909 2002 2171 2074 cogitare
2229 1974 2444 2056 debeat
2499 2003 2671 2055 extra

547 2100 827 2177 sculptile
879 2098 951 2157 de
1000 2099 1133 2157 Deo
1184 2097 1465 2180 Creatore
1514 2107 1573 2155 et
1621 2100 2039 2158 Gubernatore
2092 2102 2356 2157 universi
2407 2097 2558 2157 coeli
2608 2104 2670 2155 et

546 2203 865 2259 universae
917 2205 1147 2271 terrae,
1215 2206 1273 2256 et
1325 2198 1485 2274 quod
1539 2199 1641 2257 ille
1698 2200 1870 2258 Deus
1924 2208 2088 2258 esset
2140 2201 2458 2258 Dominus:
2530 2215 2666 2256 cum

545 2300 698 2359 haec
735 2298 1112 2371 dicebantur,
1164 2301 1478 2375 percipere
1519 2299 1771 2357 dabatur
1810 2300 1940 2376 ejus
1993 2301 2354 2359 adorationis
2391 2300 2669 2359 affectum

543 2403 917 2475 interiorem,
984 2401 1084 2476 qui
1134 2418 1366 2459 mecum
1421 2398 1997 2474 communicabatur,
2066 2401 2251 2459 multo
2309 2404 2668 2460 sanctiorem

525 2520 718 2580 ‚quam
757 2501 921 2580 apud
959 2500 1330 2561 Christianos
1345 2522 1360 2578 3
1418 2520 1492 2561 ex
1531 2519 1646 2579 quo
1689 2508 1963 2563 constare
2012 2509 2242 2579 potest,
2297 2501 2457 2585 quod
2497 2501 2662 2563 Geri-

537 2604 676 2665 tiles
720 2604 955 2663 facilius
995 2606 1053 2662 in
1091 2603 1341 2664 Coelum
1376 2606 1653 2679 veniant,
1711 2622 1888 2679 quam
1929 2604 2252 2663 Christiani
2289 2602 2500 2678 hodie,
2559 2619 2660 2662 se-

538 2706 797 2767 cundum
827 2705 1065 2763 Domini
1092 2704 1278 2764 verba
1307 2704 1465 2780 apud
1497 2706 1737 2779 Lucam,
1775 2752 1809 2779 „
1828 2703 2006 2765 Tunc
2033 2704 2274 2765 venient
2299 2705 2374 2764 ab
2407 2702 2664 2766 Oriente

502 2803 601 2866 'et
650 2804 1008 2879 Occidente,
1071 2813 1131 2867 et
1165 2824 1207 2864 a
1241 2803 1673 2884 Septentrione
1708 2813 1767 2867 et
1809 2804 2114 2881 Meridie,
2177 2811 2236 2864 et
2274 2805 2666 2866 discumbent

534 2906 611 2966 in
646 2905 877 2983 Reyno.
916 2903 1089 2965 Dei:
1160 2911 1219 2964 et
1268 2922 1397 2963 ecce
1451 2913 1602 2966 sunt
1650 2904 1873 2967 ultimi
1925 2906 2037 2985 qui
2089 2912 2270 2966 erant
2306 2906 2553 2986 primi,
2606 2910 2666 2965 et

536 3011 692 3067 sunt
718 3004 930 3084 primi
969 3005 1078 3083 qui
1119 3010 1302 3065 erant
1337 3002 1626 3081 ultimi,“
1665 3007 1851 3065 XIII:
1900 3010 2009 3066 29.
2057 3008 2181 3081 303
2237 3026 2374 3066 nam
2411 3009 2467 3064 in
2498 3013 2663 3065 statu

535 3109 599 3166 in
636 3123 754 3183 quo
790 3104 892 3163 ille
933 3111 1089 3174 erat,
1142 3106 1336 3180 potuit
1371 3105 1555 3163 imbui
1605 3108 1877 3166 omnibus
1913 3108 2087 3181 fidei,
2155 3115 2213 3166 et
2248 3108 2354 3167 illa
2389 3125 2524 3167 cum
2557 3110 2658 3165 in-

535 3209 756 3267 teriore
795 3205 1104 3265 affectione
1145 3206 1445 3281 recipere,
1516 3208 1678 3283 apud
1715 3221 1850 3266 eum
1889 3214 2018 3266 erat
2053 3210 2462 3268 misericordia
2499 3225 2655 3284 quae

539 3309 786 3381 amoris,
846 3314 904 3364 et
937 3309 996 3364 in
1039 3307 1169 3382 ej‘us
1214 3308 1549 3382 ignorantia
1586 3315 1714 3367 erat
1748 3310 2127 3383 innocentia5
2174 3328 2329 3385 quae
2370 3328 2505 3370 cum
2542 3308 2658 3367 ad-

536 3416 706 3482 sunt,
756 3409 954 3468 omnia
989 3406 1130 3466 fidei
1169 3408 1324 3466 sicut
1366 3415 1580 3484 sponte
1616 3411 2015 3485 recipiuntur,
2077 3416 2137 3470 et
2175 3411 2287 3470 hoc
2329 3429 2466 3470 cum
2504 3427 2661 3488 gau-

541 3510 669 3570 dioz
725 3518 1005 3586 receptus
1049 3509 1185 3567 dein
1223 3514 1315 3567 est
1350 3511 1503 3567 inter
1546 3509 1831 3586 Angelos,

697 3612 859 3671 325.
934 3610 1105 3671 Unus
1156 3608 1387 3668 Chorus
1439 3610 1516 3668 ad
1554 3611 1895 3669 distantiam
1952 3612 2194 3671 auditus
2240 3612 2351 3670 fuit
2403 3611 2664 3688 quodam

538 3727 742 3785 mane,
813 3727 886 3769 ex
943 3709 1124 3769 Chori
1177 3712 1832 3787 repraesentationibus
1887 3729 2249 3790 cognoscere
2307 3713 2511 3771 datum
2549 3718 2659 3785 est,

539 3809 697 3885 qnod
743 3816 947 3867 essent
983 3809 1347 3885 ChinenseS,
1409 3814 1705 3873 sistebant
1753 3814 1904 3872 enim
1942 3816 2213 3888 speciem
2264 3813 2414 3873 hirci
2452 3812 2660 3887 lanati,

535 3917 660 3966 tum
696 3909 1032 3985 placentam
1075 3928 1148 3968 ex
1186 3912 1396 3983 milne,
1457 3920 1517 3970 et
1568 3913 1882 3972 cochleare
1922 3913 2173 3971 ebenum
2197 3959 2211 3985 ,
2265 3921 2331 3972 ut
2369 3921 2429 3972 et.
2464 3907 2664 3972 ideam

534 4009 701 4066 urbis
755 4008 1019 4066 natatilis
1034 4029 1051 4085 3
1109 4009 1531 4069 desiderabant
1572 4016 1817 4088 propius
1866 4014 1940 4071 ad
1988 4032 2083 4073 me
2134 4016 2371 4089 venire,
2431 4021 2665 4073 etcum

538 4126 608 4168 se
647 4107 1048 4184 applicarent,
1112 4107 1388 4167 dicebant
1425 4113 1585 4187 quod
1620 4112 1735 4172 soli
1771 4114 1933 4189 apud
1969 4131 2064 4174 me
2105 4131 2239 4175 esse
2286 4115 2539 4188 vellent,
2599 4120 2664 4172 ut

540 4226 655 4267 sua
692 4211 953 4285 cogitata
989 4210 1291 4285 aperirent
1303 4228 1319 4284 3
1377 4211 1482 4268 sed
1535 4212 1847 4271 dicebatur
1885 4217 2001 4288 eie,
2061 4216 2218 4291 quod
2255 4215 2368 4273 soli
2403 4233 2522 4274 non
2560 4232 2662 4272 es-

533 4317 696 4384 sent,
755 4316 813 4370 et
852 4309 1009 4388 quod
1045 4309 1146 4369 alii
1176 4311 1275 4388 qui
1313 4309 1692 4391 indignantur
1730 4315 1888 4391 quod
1924 4316 2035 4375 soli
2074 4333 2210 4377 esse
2241 4316 2485 4392 vellent,
2527 4332 2663 4375 cum
