3013 5114
530 430 636 481 160
1119 418 1212 470 DE
1257 415 1490 470 COELO
1534 413 1626 467 ET
1667 412 2005 468 INFERNO.

531 580 791 658 Spiritus
822 583 1024 636 autem
1054 575 1194 635 boni
1225 578 1284 634 in
1312 576 1418 634 illa
1452 577 1775 635 memoriae
1814 579 1874 634 et
1900 575 2276 650 cogitationis
2316 589 2471 649 quae
2499 572 2658 632 bona

533 686 689 739 sunt.
783 677 1043 754 Spiritus
1086 694 1334 754 prorsus
1375 695 1496 736 non
1544 679 1741 735 sciunt
1777 675 1935 754 quod
1988 673 2148 752 apud
2181 674 2482 736 hominem
2518 678 2653 749 sint,

531 781 643 840 sed
687 798 820 840 cum
863 779 943 837 ibi
972 785 1138 849 sunt,
1198 778 1445 837 credunt
1485 777 1646 854 quod
1677 778 1872 837 omnia
1902 793 2053 853 quae
2085 779 2406 836 memoriae
2445 784 2505 835 et
2547 792 2653 836 co·-

533 882 835 959 gitationis
872 880 1126 938 hominis
1169 888 1334 955 sunt,
1392 896 1504 937 sua
1541 881 1657 937 sint
1671 900 1686 954 3
1742 895 1852 936 nec
1887 876 2092 937 vident
2124 877 2456 953 hominem,
2513 877 2657 955 quia

525 983 632 1042 illa
692 999 846 1060 quae
905 983 963 1038 in
1008 979 1229 1041 Mundo
1280 986 1484 1040 nostro
1537 979 1718 1038 solari
1770 984 1937 1054 sunt,
1999 995 2116 1038 non
2167 979 2388 1038 cadunt
2440 981 2500 1037 in
2554 977 2652 1034 vi-

531 1101 665 1143 sum
708 1101 911 1142 eorum
946 1069 1073 1170 (u):
1132 1081 1325 1158 Quam
1360 1083 1616 1139 maxime
1657 1087 1904 1139 cavetur
1941 1098 1977 1138 a
2012 1079 2301 1153 Domino,
2341 1098 2417 1140 ne
2457 1078 2653 1157 Spiri-

527 1191 623 1245 tus
669 1188 861 1245 sciant
899 1182 1058 1260 quod
1105 1184 1267 1259 apud
1304 1183 1605 1242 hominem
1645 1184 1762 1240 sint
1777 1201 1793 1256 3
1849 1184 1902 1240 si
1942 1183 2095 1240 enlm
2132 1184 2383 1252 scirent,
2434 1181 2653 1258 loque-

527 1293 733 1346 rentur
774 1302 905 1344 cum
942 1286 1075 1360 illo,
1135 1292 1195 1343 et
1235 1292 1375 1343 tunc
1420 1282 1681 1359 Spiritus
1720 1282 1861 1340 mali
1903 1283 2068 1341 illum
2106 1283 2462 1360 perderent,
2514 1300 2655 1340 nam

526 1388 672 1447 mali
726 1386 1014 1463 Spiritus,
1073 1389 1213 1462 quia
1267 1385 1569 1461 conjuncti
1611 1390 1747 1443 sunt
1804 1401 1938 1443 cum
1989 1384 2264 1453 Inferno,
2317 1383 2462 1441 nihil
2508 1383 2647 1459 plus

529 1493 810 1565 cupiunt,
869 1505 1047 1563 quam
1089 1484 1343 1564 perdere
1379 1485 1709 1560 hominem,
1753 1502 1869 1544 non
1909 1485 2103 1544 solum
2142 1484 2339 1561 quoad
2377 1485 2653 1556 animam,

527 1590 642 1648 hoc
687 1594 809 1661 est,
862 1589 1059 1664 quoad
1097 1588 1273 1646 fidem
1315 1593 1374 1645 et
1418 1603 1711 1662 amorem,
1774 1587 1882 1645 sed
1929 1588 2106 1646 etiam
2155 1585 2355 1663 quoad
2400 1601 2649 1662 corpus;

532 1690 706 1749 aliter
765 1688 830 1746 fit
885 1706 1016 1748 cum
1073 1707 1191 1748 non
1241 1688 1566 1764 loquuntur
1614 1704 1749 1746 cum
1797 1687 2064 1757 homine,
2118 1693 2259 1747 tunc
2299 1704 2411 1745 nec
2457 1690 2653 1746 sciunt

537 1791 697 1868 quod
736 1808 809 1848 ex
855 1790 959 1848 illo
997 1794 1116 1849 sint
1151 1808 1307 1867 quae
1347 1791 1640 1865 cogitant,
1698 1794 1757 1847 et
1792 1807 2032 1865 quoque
2070 1791 2413 1866 quae-inter
2450 1804 2515 1846 se
2554 1787 2650 1847 lo-

533 1872 824 1968 quuntur,
876 1909 1013 1950 nam
1048 1893 1203 1950 inte'r
1245 1907 1311 1950 se
1347 1891 1673 1966 loquuntur
1711 1892 1888 1949 etiam
1928 1909 1999 1949 ex
2045 1890 2313 1965 homine,
2369 1887 2477 1949 sed
2515 1905 2649 1948 cre-

529 1993 675 2052 dunt
727 1993 887 2069 quod
928 1999 1043 2052 'sua
1091 1995 1234 2067 sint,
1308 1998 1368 2051 et
1418 1994 1670 2067 quisque
1724 2009 1837 2050 sua
1888 1994 2164 2050 aestimat
2218 1997 2278 2048 et
2332 1995 2517 2063 amat,
2559 1992 2654 2064 vita

532 2096 779 2170 spiritus
820 2100 1101 2153 tenentur
1137 2094 1213 2152 ad
1251 2093 1568 2150 amandum
1599 2099 1658 2150 et
1685 2093 2117 2150 aestimandum
2146 2092 2463 2167 hominem,
2497 2097 2652 2150 tam-

532 2196 646 2252 etsi
682 2193 743 2250 id
779 2210 896 2251 non
944 2196 1157 2252 sciunt.
1236 2192 1412 2269 Quod
1449 2192 1585 2250 talis
1624 2193 1963 2270 conjunctio
2001 2195 2316 2269 spirituum
2355 2210 2490 2252 cum
2535 2192 2650 2251 ho-

527 2295 683 2352 mine
720 2295 827 2367 sit,
887 2311 954 2352 ex
995 2294 1256 2369 plurium
1298 2311 1589 2352 annorum
1641 2296 1922 2352 continua
1960 2296 2330 2372 experientia
2375 2302 2495 2352 tam
2536 2311 2649 2352 no·-

529 2400 652 2453 tum
690 2396 833 2453 mihi
870 2396 1094 2454 sactum
1127 2401 1254 2469 est,
1302 2402 1367 2453 ut
1406 2394 1554 2452 nihil
1590 2397 1808 2453 notius

677 2517 842 2575 293.
928 2513 1105 2591 Quod
1165 2513 1423 2592 Spiritus
1434 2560 1452 2591 ,
1533 2517 1633 2591 qui
1688 2517 2122 2575 communicant
2184 2533 2317 2577 cum
2386 2515 2647 2589 InfernO,

525 2619 702 2677 etiam
739 2617 963 2676 homini
997 2618 1117 2675 sint
1162 2617 1456 2695 adjuncti,
1516 2623 1608 2675 est
1649 2619 1790 2693 quia
1823 2618 2000 2677 homo
2037 2621 2303 2677 nascitur
2347 2620 2409 2676 in
2458 2618 2649 2675 omnis

524 2720 760 2794 generis
798 2718 986 2792 mala,
1044 2724 1104 2777 et
1137 2718 1273 2778 inde
1309 2719 1504 2793 prima
1542 2719 1673 2795 ejus
1722 2720 1847 2779 vita
1895 2737 2014 2778 non
2069 2726 2159 2778 est
2193 2711 2308 2777 nisi
2346 2736 2525 2795 quam
2574 2734 2650 2777 ex

527 2818 667 2889 illis,
699 2825 1066 2894 quapropter
1101 2820 1216 2877 nisi
1248 2819 1472 2876 homini
1497 2818 1763 2894 adjuncti
1799 2822 1993 2879 forent
2027 2821 2181 2880 tales
2217 2821 2466 2895 spiritus
2494 2835 2650 2896 qua-

529 2917 604 2975 lis
640 2917 742 2975 ille
773 2925 899 2988 est,
951 2936 1068 2977 non
1109 2924 1314 2995 potest
1348 2921 1585 2993 vivere,
1641 2920 1759 2978 imo
1797 2939 1909 2980 nec
1947 2927 2149 2999 potest
2191 2920 2408 2979 abduci
2452 2938 2490 2980 a
2524 2921 2652 2979 suis

530 3017 708 3075 malis
723 3062 739 3091 ,
813 3025 874 3076 et
922 3019 1233 3077 reformari
1248 3040 1264 3095 3
1321 3036 1505 3096 quare
1558 3026 1795 3079 tenetur
1846 3024 1909 3080 in
1964 3039 2077 3081 sua
2129 3025 2253 3098 vita
2296 3039 2409 3098 per
2459 3022 2652 3080 malos

523 3118 808 3193 spir'ituS,
849 3125 911 3177 et
946 3118 1245 3179 detinetur
1287 3119 1361 3178 ab
1399 3119 1504 3178 illa
1531 3139 1640 3197 per
1666 3122 1855 3182 bonos
1893 3125 2177 3201 spiritus3
2214 3139 2325 3199 per
2359 3128 2649 3199 utrosque

522 3220 702 3277 etiam
741 3223 832 3278 est
869 3221 928 3277 in
967 3219 1354 3296 aequilibrio;
1395 3227 1453 3279 et
1498 3224 1640 3297 quia
1670 3229 1761 3282 est
1796 3225 1855 3281 in
1884 3224 2270 3300 aequilibrio,
2311 3229 2404 3284 est
2437 3224 2502 3281 in
2536 3239 2649 3282 suo

520 3318 740 3396 libero,
795 3325 854 3379 et
887 3326 1092 3396 potest
1118 3318 1339 3381 abduci
1375 3339 1411 3379 a
1445 3322 1619 3381 malis
1641 3368 1655 3394 ,
1703 3329 1763 3382 et
1796 3325 1958 3384 flecti
1988 3325 2062 3383 ad
2085 3326 2320 3385 bonum
2340 3369 2355 3399 ,
2406 3329 2465 3383 et
2500 3340 2649 3399 quo-

526 3439 645 3498 que
686 3425 744 3482 ei
786 3422 1131 3499 implantari
1178 3422 1428 3498 bonum,
1489 3425 1647 3500 quod
1686 3442 2066 3502 nequaquam
2119 3424 2247 3485 fieri
2299 3430 2501 3502 potest
2534 3425 2652 3482 nisi
2679 3506 2682 3508 -

522 3525 582 3580 in
617 3523 807 3583 libero
858 3525 970 3599 sit,
1038 3540 1151 3584 nec
1202 3523 1458 3585 liberum
1508 3527 1564 3585 ei
1608 3525 1763 3601 dari,
1820 3528 1936 3585 nisi
1984 3527 2234 3604 spiritus
2283 3525 2357 3585 ab
2405 3524 2649 3585 Inferno

673 3798 764 3863 (u)
807 3797 972 3864 Quod
1014 3800 1167 3871 apud
1208 3800 1654 3872 unumquemvis
1692 3800 1981 3853 hominem
2015 3800 2138 3853 sint
2177 3800 2382 3874 Angeli
2426 3811 2484 3854 et
2517 3799 2651 3871 spi.

518 3872 698 3934 ritus»,
767 3884 825 3926 et
867 3874 1024 3945 quod
1070 3893 1177 3946 per
1218 3876 1349 3928 illos
1390 3877 1611 3929 homini
1659 3877 2109 3930 communicatio
2151 3878 2227 3930 sit
2263 3896 2392 3930 cum
2430 3876 2647 3930 mundo

520 3948 840 4018 spirituali,
883 3966 951 4002 n:
996 3959 1127 4009 697.
1167 3959 1336 4010 2796.
1369 3958 1538 4011 2886.
1577 3960 1745 4013 2887.
1782 3961 1954 4014 4047.
1994 3960 2166 4015 4048.
2196 3960 2345 4014 5846
2376 3952 2448 4007 ad
2477 3961 2646 4014 5866.

523 4030 671 4083 5976
699 4023 770 4076 ad
799 4031 964 4082 5993.
1010 4026 1182 4104 Quod
1204 4027 1377 4078 homo
1412 4027 1633 4098 absque
1671 4029 1975 4100 spiritibus
2012 4030 2164 4101 apud
2201 4047 2260 4082 se
2294 4046 2411 4082 non
2443 4030 2648 4082 vivere

516 4099 733 4171 possit,
775 4117 843 4150 n:
889 4106 1057 4159 5993,
1113 4100 1282 4171 Quod
1318 4100 1491 4153 homo
1528 4120 1645 4154 non
1677 4115 1956 4176 appareat
1994 4105 2320 4175 spir-stibna,
2365 4105 2646 4177 sicutnec

518 4174 758 4246 spiritus
800 4174 1055 4240 homini,
1109 4193 1177 4228 n:
1235 4183 1403 4236 1880.
1457 4178 1657 4263 ‘Quod
1694 4180 1934 4250 spiritus
1973 4181 2119 4235 nihil
2171 4181 2396 4253 possint
2441 4180 2646 4235 videre
2741 4187 2746 4190 “

516 4250 676 4324 quod
709 4251 769 4303 in
802 4250 1016 4304 mundo
1055 4262 1259 4306 nostro
1295 4252 1472 4305 solam
1511 4254 1667 4325 apud
1703 4257 2019 4323 hominem,
2062 4258 2252 4312 solum
2286 4256 2440 4328 apud
2479 4257 2645 4311 illum

517 4345 647 4380 cum
683 4344 798 4400 quo
836 4326 1188 4400 loquuntur,
1233 4347 1300 4381 n:
1347 4335 1516 4389 1880.
