3013 5114
870 377 1403 436 HABITATIONES
1448 380 1912 437 ANGELORUM.
2380 396 2449 447 97

329 539 534 619 quoad
567 537 1023 614 intelligentiam
1062 544 1123 597 et
1158 540 1551 616 sapientiam,
1591 539 1666 600 de
1703 541 1922 618 quibus
1951 542 2227 604 videatur
2262 556 2448 623 supra

326 660 401 701 nx
453 645 481 699 1
504 640 589 700 54
624 638 701 697 ad
740 640 898 696 161.

496 744 525 799 1
547 742 658 800 82.
699 739 856 816 Quia
884 739 1107 799 Vestes
1136 741 1351 816 cuique
1387 742 1450 798 in
1474 738 1698 799 Mundo
1724 743 2022 818 spirituali
2049 751 2188 803 sunt
2223 761 2448 806 secun-

330 845 476 907 dum
511 842 986 917 intelligentiam,
1024 843 1111 900 ita
1144 840 1473 899 secundum
1508 858 1657 899 vera
1691 859 1768 901 ex
1794 844 2009 919 quibus
2037 846 2451 923 intelligentia,

325 944 467 1003 ideo
503 943 592 1001 illi
627 944 731 1018 qui
763 944 825 999 in
858 943 1139 1017 infernis,
1187 944 1327 1017 quia
1361 941 1593 1017 absque
1636 945 1794 1002 veris
1831 950 1998 1018 sunt,
2056 946 2298 1022 quidem
2334 966 2449 1025 ap-

328 1050 550 1122 parent
580 1041 773 1101 induti
798 1043 1102 1116 vestibus,
1151 1042 1261 1100 sed
1298 1042 1549 1118 laceriS,
1593 1043 1905 1119 squallidis
1944 1050 2004 1103 et
2037 1048 2238 1122 tetris,
2279 1051 2448 1124 quis-

330 1163 454 1222 que
491 1142 833 1204 secundum
857 1159 1027 1201 suam
1063 1144 1384 1219 insaniam,
1423 1160 1534 1202 nec
1570 1152 1825 1220 possunt
1861 1144 1994 1204 aliis
2031 1146 2226 1207 indui:
2267 1147 2449 1207 datur

327 1246 450 1305 illis
478 1262 517 1304 a
550 1244 808 1303 Domino
842 1245 1078 1319 vestiri,
1130 1261 1207 1302 ne
1245 1249 1577 1321 appareant
1615 1244 1775 1304 nudi.

330 1417 456 1486 De
506 1411 1277 1583 Habitationibuls
1340 1430 1427 1483 ct
1488 1413 2117 1486 Mansionibus
2169 1418 2448 1515 Ange-

1270 1539 1528 1584 orum.

490 1649 655 1709 183.
713 1647 1009 1724 Quoniam
1045 1648 1107 1705 in
1144 1645 1330 1706 Coelo
1369 1649 1694 1708 societates
1733 1653 1904 1722 sunt,
1958 1656 2019 1709 et
2049 1653 2260 1710 vivunt
2292 1648 2451 1711 sicut

327 1751 631 1824 homineS,
678 1747 814 1807 ideo
853 1749 1029 1807 etiam
1075 1748 1194 1806 illis
1240 1756 1380 1809 sunt
1414 1748 1866 1823 Habitationes,
1934 1757 1994 1809 et
2026 1751 2168 1810 illae
2207 1769 2447 1829 quoque

330 1853 535 1910 variae
583 1848 914 1908 secundum
951 1854 1173 1907 statum
1223 1849 1385 1907 vitae
1425 1848 1723 1926 cujusvis,
1788 1850 2137 1926 magnificae
2185 1852 2305 1909 illis
2343 1853 2446 1927 qui

327 1955 389 2012 in
424 1952 680 2028 digniori
714 1956 875 2008 statu
907 1955 1063 2024 sunt,
1104 1955 1163 2007 et
1192 1949 1387 2031 minus
1419 1949 1771 2025 magnificae
1797 1949 1916 2008 illis
1946 1952 2134 2025 quiin
2160 1951 2445 2010 inferiori.

326 2053 424 2111 De
458 2051 947 2111 Habitationibus
996 2051 1055 2107 in
1094 2048 1279 2109 Coelo
1330 2049 1648 2124 aliquoties
1698 2066 1833 2110 cum
1876 2042 2123 2128 Angelis
2158 2051 2448 2127 loquutus

328 2170 497 2228 sum,
563 2158 624 2211 et
662 2150 815 2226 dixi,
886 2151 1042 2226 quod
1090 2149 1269 2209 hodie
1315 2151 1416 2208 vix
1466 2150 1684 2227 aliquis
1734 2152 2071 2211 crediturus
2120 2154 2229 2227 sit,
2288 2151 2451 2229 quod

326 2253 692 2313 Habitacula
728 2257 790 2310 et
822 2251 1167 2310 Mansiones
1202 2249 1322 2309 illis
1358 2254 1501 2325 sint,
1544 2252 1785 2328 quidam
1823 2271 1900 2313 ex
1928 2268 2113 2313 causa
2149 2255 2290 2329 quia
2325 2270 2445 2313 non

326 2354 532 2413 vident
565 2353 698 2427 illa,
738 2351 982 2435 quidam
1011 2354 1151 2427 quia
1183 2369 1303 2410 non
1339 2354 1536 2410 sciunt
1563 2352 1723 2429 quod
1749 2347 1965 2431 Angeli
1993 2354 2265 2412 homines
2303 2355 2439 2430 sint,

329 2455 571 2532 quidam
599 2456 740 2530 qnia
768 2453 1017 2512 credunt
1045 2452 1204 2529 quod
1234 2450 1481 2511 Coelum
1510 2454 1865 2528 Angelicnm
1896 2457 1973 2512 sit
2011 2453 2259 2513 Coelum
2287 2454 2448 2530 quod

326 2563 638 2634 spectatur
673 2554 862 2613 oculis
909 2557 1126 2613 circum
1163 2553 1299 2613 illos
1312 2597 1334 2631 ,
1401 2553 1561 2629 quod
1611 2555 1752 2629 quia
1809 2555 1988 2613 inane
2043 2561 2330 2630 apparet,
2388 2561 2450 2612 et

324 2663 541 2734 putant
578 2655 736 2732 quod
769 2656 987 2731 Angeli
1023 2657 1142 2714 sint
1190 2656 1415 2713 formae
1467 2653 1823 2728 aethereae,
1889 2653 2251 2713 concludunt
2288 2653 2450 2730 quod

323 2759 384 2816 in
411 2757 657 2817 aethere
687 2759 915 2832 vivant,
944 2763 1281 2833 praeterea,
1313 2755 1473 2831 quod
1496 2757 1558 2812 in
1586 2754 1807 2814 Mundo
1835 2754 2131 2832 spirituali
2158 2756 2279 2812 sint
2305 2755 2452 2814 talia

327 2875 483 2935 quae
515 2860 577 2916 in
605 2855 827 2915 Mundo
855 2857 1128 2930 naturali,
1167 2874 1286 2915 non
1314 2858 1582 2933 capiunt,
1628 2858 1770 2932 quia
1797 2856 1944 2915 nihil
1974 2858 2172 2915 sciunt
2201 2855 2275 2916 de
2316 2858 2448 2932 spi-

324 2959 542 3018 rituali.
614 2953 831 3033 Angeli
856 2957 1149 3033 dixerunt,
1190 2958 1347 3033 quod
1375 2960 1568 3017 sciant
1605 2956 1766 3033 quod
1799 2958 1936 3017 talis
1976 2959 2309 3034 ignorantia
2344 2974 2449 3016 re-

324 3066 466 3137 gnet
492 3058 671 3117 hodie
696 3062 758 3117 in
785 3058 1021 3133 mundo,
1057 3065 1133 3134 et,
1167 3058 1328 3136 quod
1355 3060 1566 3133 mirati,
1605 3061 1861 3119 maxime
1899 3060 2055 3118 intra
2093 3057 2447 3133 Ecclesiam,

324 3177 396 3219 ac
421 3160 506 3218 ibi
527 3160 666 3236 plus
695 3158 857 3235 apud
884 3159 1302 3236 intelligentes,
1331 3177 1510 3247 quam
1540 3158 1703 3236 apud
1727 3160 1862 3218 illos
1888 3177 2037 3236 quos
2057 3165 2277 3219 vocant
2304 3161 2451 3217 sim-

322 3261 545 3337 plices,
579 3259 855 3318 dixerunt
879 3278 1078 3336 porro,
1109 3260 1268 3336 quod
1291 3263 1444 3319 scire
1472 3263 1709 3336 possint
1745 3278 1820 3319 ex
1845 3260 2069 3332 Verbo,
2107 3259 2268 3335 quod
2313 3258 2448 3316 An-

322 3360 444 3438 geli
463 3361 733 3419 homines
762 3361 897 3434 sint,
929 3362 1225 3436 quoniam,
1259 3363 1361 3436 qui
1388 3363 1501 3419 visi
1537 3369 1692 3433 sunt,
1722 3367 1791 3418 ut
1822 3361 2093 3418 homines
2120 3361 2235 3417 visi
2271 3363 2442 3431 sunt;

323 3462 598 3521 similiter
622 3461 935 3536 Dominus,
980 3464 1082 3537 qui
1110 3479 1281 3521 omne
1313 3461 1657 3520 Humanum
1695 3478 1870 3519 suum
1907 3477 2113 3518 secum
2143 3458 2446 3532 assumsit;

325 3568 386 3620 et
420 3564 562 3638 quia
596 3562 866 3622 homines
903 3568 1061 3637 sunt,
1103 3562 1262 3638 quod
1297 3562 1643 3621 Mansiones
1675 3568 1735 3620 et
1769 3560 2131 3619 Habitacula
2157 3559 2275 3617 illis
2309 3561 2446 3634 sint,

325 3668 386 3722 et
416 3680 566 3737 non,
617 3662 945 3722 secundum
984 3662 1356 3738 quorundam
1406 3663 1737 3729 inscitiam,
1791 3677 1970 3736 quam
2007 3659 2312 3720 vocabant
2349 3662 2446 3719 in-

322 3765 585 3837 saniam,
641 3765 893 3822 volitent
941 3765 1003 3821 in
1048 3765 1217 3833 ae‘re,
1279 3779 1388 3821 seu
1443 3760 1606 3838 quod
1651 3764 1814 3820 venti
1870 3764 2112 3820 tametsi
2160 3767 2452 3819 vocantur

323 3866 599 3940 spiritus:
658 3870 718 3922 et
754 3864 913 3940 quod
948 3863 1062 3922 hoc
1099 3881 1317 3940 capere
1354 3865 1616 3939 possint,
1681 3862 1856 3920 modo
1910 3870 2078 3920 extra
2116 3880 2229 3921 sua
2276 3864 2448 3938 prin-

320 3966 479 4040 cipia
513 3963 589 4023 de
626 3964 875 4041 Angelis
922 3971 981 4023 et
1023 3963 1343 4040 Spiritibus
1401 3971 1582 4040 capta
1631 3966 1929 4041 cogitent,
1999 3963 2160 4042 quod
2207 3962 2275 4021 fit
2313 3979 2452 4023 cum

320 4081 440 4123 non
500 4065 561 4123 in
621 4068 1034 4141 quaestionem
1084 4072 1144 4124 et
1197 4064 1312 4123 snb
1363 4066 1784 4141 cogitationem
1845 4065 2137 4124 directam
2189 4066 2449 4138 mittunt,

319 4183 474 4226 num
511 4165 609 4225 ita
650 4166 775 4237 sit;
829 4174 920 4225 est
969 4167 1126 4224 enim
1175 4167 1364 4224 cuivis
1409 4164 1548 4223 idea
1595 4167 1962 4237 communiS,
2022 4164 2184 4242 quod
2230 4162 2449 4240 Angeli

322 4267 441 4323 sint
498 4268 558 4325 in
617 4267 881 4326 humana
929 4268 1146 4337 forma,
1219 4272 1280 4325 et
1330 4266 1490 4343 quod
1543 4267 1661 4326 illis
1719 4269 1842 4325 sint
1905 4265 2232 4339 domicilia,
2290 4280 2449 4341 quae

419 4365 846 4430 §studenheim
881 4378 949 4417 De
982 4376 1123 4418 Coelo
1153 4383 1198 4416 et
1230 4376 1458 4428 lusci-no..
1990 4371 2021 4424 7
