3013 5114
526 372 636 421 ‘232
1141 359 1232 410 DE
1274 356 1515 420 COE‘LO
1560 356 1653 408 ET
1694 355 2035 419 INFEBNO.

528 540 661 581 rum
718 520 1053 579 functiones
1098 526 1238 579 sunt
1285 516 1421 576 illos
1471 516 1608 574 dum
1662 515 2015 576 adolescunt
2065 517 2361 574 instruere
2402 522 2461 574 et
2505 514 2657 574 edu-

531 639 705 683 care:
764 626 904 679 sunt
953 618 1146 690 aliae,
1197 635 1352 694 quae
1391 617 1613 694 pueros
1653 625 1711 675 et
1748 617 2018 693 puellas,
2073 633 2226 692 quac
2260 615 2655 675 bonaeindo-

528 723 602 781 lis
635 740 706 782 ex
762 721 1117 780 educatione
1154 721 1214 777 in
1253 719 1472 791 mundo
1512 726 1680 792 sunt,
1732 725 1792 776 et
1828 717 1965 776 inde
2008 720 2067 775 in
2107 716 2356 776 Coelum
2392 718 2657 786 veniunt,

530 822 804 883 similiter
843 823 1146 879 instruunt
1186 827 1245 878 et
1288 820 1577 878 educant:
1616 826 1755 878 sunt
1793 819 1982 889 aliae,
2018 836 2174 900 quae
2211 818 2516 894 simplices
2545 817 2658 876 bo-

532 942 641 983 nos
699 940 771 981 ex
817 921 1155 981 Christiano
1197 921 1338 979 orbe
1381 921 1597 979 docent
1630 923 1786 979 acin
1815 923 1969 977 viam
2009 919 2084 976 ad
2113 918 2361 978 Coelum
2401 918 2657 978 ducunt:

533 1030 676 1084 sunt
709 1024 865 1081 aliae
903 1040 1059 1099 quae
1098 1022 1369 1080 similiter
1399 1024 1595 1081 varias
1633 1030 1879 1098 gentes:
1935 1027 2072 1079 sunt
2116 1020 2300 1093 aliae,
2358 1038 2514 1096 quae
2551 1037 2662 1077 no·-

536 1129 711 1184 vitios
757 1126 1042 1200 spiritus,
1098 1126 1197 1199 qui
1239 1128 1380 1180 sunt
1416 1125 1517 1197 qui
1553 1129 1826 1180 recentes
1879 1139 1912 1180 e
1961 1121 2179 1180 mundo
2230 1124 2500 1194 veniunt,
2559 1128 2657 1177 tu-

537 1234 738 1286 tantur
783 1225 858 1282 ab
901 1223 1382 1283 infestationibus
1422 1241 1457 1280 a
1493 1223 1666 1282 malis
1706 1222 2044 1299 spiritibus:
2102 1228 2241 1280 sunt
2282 1239 2517 1299 quoque
2560 1223 2662 1297 qui

535 1327 759 1408 adsunt
805 1325 920 1384 illis
962 1328 1063 1402 qui
1102 1326 1161 1382 in
1212 1331 1372 1382 terra
1420 1324 1697 1382 inferiore
1749 1331 1913 1382 sunt:
1986 1331 2046 1382 et
2091 1341 2328 1399 quoque
2371 1329 2511 1381 sunt
2561 1322 2660 1398 qui

536 1428 761 1487 adsunt
797 1426 915 1485 illis
954 1428 1057 1502 qui
1090 1428 1151 1484 in
1187 1424 1471 1496 InferniS,
1531 1431 1590 1482 et
1625 1425 2008 1484 moderantur
2048 1443 2122 1482 ne
2167 1425 2328 1483 ultra
2362 1425 2663 1501 praescri-

533 1536 675 1606 ptos
713 1527 931 1586 limites
975 1543 1042 1585 se
1090 1533 1297 1584 mutuo
1348 1526 1648 1584 crucient:
1701 1532 1840 1584 sunt
1893 1528 2072 1586 etiam
2124 1528 2225 1601 qui
2278 1524 2497 1583 adsunt
2541 1524 2662 1582 illis

538 1630 639 1704 qui
679 1645 710 1686 e
749 1631 999 1686 mortuis
1040 1628 1504 1685 exsuscitantur.
1596 1625 1667 1684 In
1709 1645 1929 1704 genere
1967 1626 2184 1704 Angeli
2233 1626 2503 1702 cujusvis
2543 1623 2659 1684 So-

536 1729 773 1790 cietatis
803 1731 1116 1787 mittuntur
1153 1728 1228 1785 ad
1264 1728 1537 1786 homines
1561 1773 1575 1800 ,
1615 1734 1680 1785 ut
1718 1745 1820 1786 eos
1861 1729 2224 1800 custodiant,
2267 1735 2327 1786 et
2362 1726 2663 1785 abducant

535 1831 612 1889 ab
654 1828 1069 1888 affectionibus
1109 1836 1169 1887 et
1204 1829 1340 1888 inde
1380 1829 1840 1906 cogitationibus
1877 1829 2049 1888 malis
2062 1875 2079 1904 ,
2134 1846 2204 1888 ac
2244 1830 2535 1904 inspirent
2573 1828 2664 1885 as-

533 1933 823 1991 sectiones
862 1931 1049 1989 bonas
1091 1937 1378 2007 quantum
1417 1948 1488 1989 ex
1525 1929 1715 1988 libero
1751 1932 2074 2007 recipiunt,
2130 1949 2241 2007 per
2285 1942 2440 2005 quae
2485 1931 2663 1987 etiam

537 2038 756 2109 regunt
789 2033 1092 2092 hominum
1132 2032 1294 2088 sacta
1329 2049 1436 2090 seu
1478 2049 1695 2108 opera,
1735 2032 2130 2107 removendo,
2189 2037 2474 2106 quantum
2512 2045 2659 2105 pos-

534 2132 708 2192 sibile
741 2140 863 2205 est,
903 2133 1264 2190 intentiones
1294 2131 1513 2190 malas:
1569 2132 1806 2207 Angeli,
1848 2150 1979 2190 cum
2012 2133 2170 2209 apud
2205 2133 2475 2191 homines
2505 2138 2661 2204 sunt,

543 2235 716 2308 quasi
745 2231 1019 2290 habitant
1046 2233 1106 2288 in
1136 2248 1339 2290 eorum
1373 2232 1802 2307 affectionibuS,
1844 2241 1903 2292 et
1929 2227 2120 2310 prope
2147 2234 2444 2292 hominem
2473 2252 2664 2309 quan-

537 2341 665 2391 tum
716 2335 768 2392 is
819 2335 878 2391 in
914 2331 1070 2391 bono
1122 2349 1196 2389 ex
1251 2335 1412 2390 veris
1463 2339 1587 2402 est,
1645 2335 1933 2392 remotius
1971 2318 2169 2393 autem
2209 2341 2492 2410 quantum
2528 2334 2666 2393 inde

536 2435 722 2494 distat
769 2436 893 2493 vita
934 2428 1040 2514 (x).
1135 2431 1254 2492 Sed
1310 2450 1515 2491 omnes
1560 2434 1676 2492 hae
1723 2435 2057 2494 functiones
2107 2435 2477 2512 Angelorum
2526 2442 2666 2496 sunt

536 2536 875 2611 functiones
912 2535 1155 2595 Domini
1191 2553 1301 2613 per
1336 2535 1633 2612 AngeloS,
1691 2536 2084 2615 namAngeli
2119 2537 2253 2596 illas
2292 2537 2514 2597 obeunt
2547 2554 2665 2596 non
2744 2571 2751 2576 -

542 2656 617 2697 ex
652 2654 721 2697 se
758 2638 869 2697 sed
906 2656 977 2696 ex
1017 2638 1306 2696 Domino:
1361 2637 1498 2695 inde
1539 2643 1631 2695 est
1667 2639 1827 2716 quod
1872 2657 1984 2715 per
2033 2638 2301 2714 Angelos
2349 2641 2407 2696 in
2458 2638 2666 2697 Verbo

536 2740 600 2796 in
635 2741 868 2797 interno
919 2740 1051 2815 ejus
1110 2754 1326 2810 sensu,
1383 2755 1499 2796 non
1538 2739 1949 2816 intelligantur
1985 2740 2233 2815 Angeli,
2289 2739 2398 2798 sed
2442 2738 2669 2816 aliquid

536 2838 817 2914 Domini5
876 2845 934 2897 et
972 2838 1108 2899 inde
1153 2845 1275 2911 est,
1334 2837 1490 2913 quod
1527 2840 1747 2915 Angeli
1782 2843 1841 2898 in
1887 2840 2090 2900 Verbo
2128 2840 2399 2899 dieantur
2440 2840 2520 2898 dii
2556 2836 2664 2920 (y).

695 2940 857 2997 392.
913 2939 1045 2997 Hae
1084 2940 1420 2997 functiones
1466 2937 1836 3016 Angelorum
1880 2950 2020 2999 sunt.
2054 2942 2388 2999 functiones
2426 2941 2665 3000 illorum

537 3055 882 3097 communes
901 3083 915 3112 ,
985 3039 1093 3097 sed
1157 3040 1480 3115 unicuique
1536 3049 1628 3099 est
1681 3058 1794 3099 sua
1846 3049 2053 3118 spart-a
2110 3045 2170 3100 in
2218 3044 2454 3119 specie3
2527 3060 2664 3100 nam

690 3272 776 3339 (x)
819 3272 903 3324 De
945 3270 1181 3343 Angelis
1222 3270 1374 3342 apud
1419 3270 1688 3334 infanteS,
1734 3282 1790 3325 et
1830 3272 1964 3326 dein
2001 3274 2154 3345 apud
2195 3293 2443 3347 puerOS,
2488 3286 2545 3329 et
2581 3275 2663 3327 sic

535 3350 889 3413 successive,
946 3367 1012 3401 n:
1058 3356 1227 3411 2303.
1312 3347 1478 3414 Quod
1532 3349 1704 3401 homo
1760 3365 1867 3419 per
1909 3350 2164 3422 Angelos
2206 3352 2587 3406 resuscitetur
2626 3368 2659 3404 a

536 3427 816 3489 mortuis,
862 3426 935 3479 ab
979 3426 1369 3499 experientia,
1413 3443 1469 3477 nx
1526 3432 1635 3484 168
1664 3423 1736 3477 ad
1766 3431 1894 3485 189.
1980 3427 2147 3504 Quod
2192 3429 2394 3500 Angeli
2438 3429 2665 3481 mittan-

536 3515 634 3557 tur
673 3503 743 3557 ad
789 3504 921 3556 illos
964 3506 1060 3577 qui
1105 3503 1165 3555 in
1207 3502 1471 3564 inferno,
1536 3518 1608 3554 nc
1651 3518 1709 3553 se
1764 3501 2013 3556 invicem
2066 3504 2219 3557 ultra
2261 3504 2495 3557 modum
2535 3522 2664 3561 cru-

428 3602 444 3611 ’
536 3582 711 3644 cient,
755 3599 827 3637 n:
872 3588 1003 3641 967.
1087 3584 1169 3633 De
1211 3580 1572 3652 Angelorum
1614 3577 1824 3631 officiis
1865 3596 2000 3651 erga
2043 3581 2305 3634 homines
2347 3580 2446 3654 qui
2488 3580 2547 3631 in
2588 3580 2666 3633 al·

537 3667 720 3708 teram
761 3656 935 3709 vitam
992 3657 1262 3720 veniunt,
1319 3675 1385 3708 n:
1445 3662 1612 3715 2131·
1699 3653 1864 3719 Quod
1907 3656 2162 3729 Spiritus
2204 3667 2262 3711 et
2304 3656 2508 3729 Angeli
2552 3655 2667 3710 sint

535 3731 688 3802 apud
732 3748 930 3784 omnes
971 3733 1265 3797 homines,
1329 3743 1386 3786 et
1440 3731 1598 3804 quod
1651 3732 1826 3784 homo
1882 3731 2124 3787 ducatur
2164 3751 2271 3804 per
2312 3733 2568 3806 Spiritus
2609 3741 2667 3785 et

538 3807 794 3878 Angelos
848 3824 878 3858 a
931 3808 1217 3873 Domine,
1280 3827 1349 3859 n:
1411 3817 1500 3867 50·
1559 3816 1685 3867 697-
1746 3816 1914 3869 2796.
1973 3817 2142 3869 2887.
2190 3817 2361 3870 2888.
2405 3817 2551 3870 5847
2595 3807 2667 3861 ad

539 3890 708 3943 5866.
754 3891 903 3943 5976
942 3883 1014 3937 ad
1057 3893 1225 3944 5993.
1273 3891 1440 3944 6209.
1525 3883 1689 3948 Quod
1731 3886 1967 3957 Angelis
2011 3886 2332 3939 dominium
2378 3886 2451 3939 sit
2492 3902 2670 3956 super

535 3958 718 4011 malos
762 3958 1018 4030 spiritua,
1062 3977 1129 4011 n:
1176 3966 1343 4019 1755.

691 4035 776 4105 (y)
835 4034 999 4099 Quod
1039 4052 1148 4106 per
1189 4034 1442 4106 Angelos
1487 4035 1545 4087 in
1586 4035 1790 4089 Verbo
1833 4037 2190 4109 significetur
2231 4036 2471 4110 aliquod
2509 4036 2666 4090 Divi-

536 4128 671 4163 num
714 4128 743 4162 a
786 4109 1058 4170 Domino,
1102 4127 1168 4163 n:
1214 4118 1382 4171 1925.
1427 4118 1598 4171 2821.
1644 4119 1814 4171 3039.
1854 4121 2020 4174 4085.
2068 4122 2233 4175 6280·
2273 4121 2442 4175 8192.
2499 4112 2667 4178 Quod

536 4187 742 4261 Angeli
798 4187 856 4239 in
912 4186 1115 4241 Verbo
1168 4185 1437 4239 dicantur
1489 4186 1611 4250 dii,
1675 4206 1744 4241 ex
1785 4190 2126 4260 receptione
2178 4191 2371 4245 Divini
2416 4191 2558 4245 Veri
2602 4207 2670 4243 ae

535 4264 686 4322 Boni
728 4282 759 4319 a
803 4263 1085 4330 Domin0,
1129 4281 1198 4317 n:
1242 4261 1408 4327 4295.
1453 4270 1620 4326 4402.
1666 4272 1833 4326 8301.
1878 4271 2043 4327 8192.
