3013 5114
557 413 625 467 42
753 428 762 437 ·
1172 402 1264 453 DE
1312 401 1545 454 COELO
1590 401 1680 454 ET
1723 400 2054 454 INFERNO.

555 567 732 643 cepta
765 578 906 621 mea
951 558 1359 621 servaveritis
1376 605 1392 636 ,
1448 559 1784 622 manebitis
1840 559 1911 620 in
1964 578 2095 620 meo
2146 577 2389 627 acriore,
2414 560 2447 588 ‘⁶'
2511 557 2666 617 Joh:

556 664 707 724 XV:
751 665 789 720 4
822 660 897 719 ad
937 663 1043 719 10.

715 766 826 822 82.
899 761 1054 838 Quia
1095 763 1230 821 talis
1266 764 1577 839 perceptio
1630 761 1704 821 dc
1740 762 1960 821 Divino
1999 768 2093 820 est
2141 763 2201 818 in
2238 759 2469 833 CoeliS,
2533 759 2668 819 ideo

553 867 796 926 insitum
835 870 929 923 est
964 865 1153 923 cuivis
1190 863 1440 933 homini,
1479 864 1580 940 qui
1621 862 1879 940 aliquem
1907 863 2192 922 influxum
2231 879 2263 920 c
2302 861 2471 920 coelo
2508 863 2665 920 reci-

556 969 674 1045 pit,
722 964 795 1023 de
831 964 964 1023 Deo
1002 963 1114 1023 sub
1150 964 1430 1023 Humana
1464 965 1669 1041 specie
1707 965 2003 1041 cogitare3
2053 962 2168 1022 hoc
2203 962 2475 1020 fecerunt
2511 964 2670 1020 anti-

558 1069 689 1144 qui3
727 1065 840 1124 hoc
878 1068 1055 1123 etiam
1093 1065 1320 1123 faciunt
1353 1064 1642 1136 hodierni,
1682 1072 1803 1123 tam
1841 1072 2012 1124 extra
2049 1081 2225 1140 quam
2262 1066 2418 1121 intra
2453 1062 2669 1122 Eccle-

555 1170 733 1242 siam3
788 1166 1093 1243 simplices
1139 1165 1347 1242 Ipsum
1384 1168 1745 1242 cogitatione
1787 1165 1993 1224 vident
2042 1167 2199 1224 sicut
2247 1166 2575 1238 Antiquum
2611 1167 2671 1221 iu

555 1268 833 1329 candore.
900 1266 1024 1326 Sed
1056 1268 1296 1325 insitum
1332 1267 1445 1325 hoc
1483 1267 1894 1325 exstinxerunt
1931 1282 2136 1324 omnes
2174 1264 2289 1339 illi,
2333 1267 2432 1342 qui
2470 1281 2669 1324 remo·

553 1376 770 1429 verunt
804 1368 1091 1427 influxum
1129 1384 1161 1425 e
1201 1365 1384 1425 Coelo
1420 1385 1533 1443 per
1573 1369 1878 1444 propriam
1913 1366 2399 1443 intelligentiam,
2455 1375 2514 1424 et
2561 1383 2673 1441 per

552 1473 734 1529 vitam
800 1468 972 1542 mali;
1043 1469 1143 1542 qui
1188 1484 1300 1543 per
1360 1471 1663 1544 propriam
1720 1467 2173 1545 intelligentiam
2237 1470 2667 1539 exstinxerunt,

550 1570 637 1629 illi
671 1571 869 1629 Deum
904 1566 1262 1626 invisibilem
1300 1569 1540 1643 volunt,
1597 1571 1700 1646 qui
1736 1575 1935 1627 autem
1970 1586 2080 1644 per
2114 1571 2297 1627 vitam
2335 1567 2494 1640 mali,
2534 1567 2672 1625 nul-

551 1670 673 1729 lum
710 1670 936 1744 Deum3
973 1668 1061 1726 illi
1098 1675 1158 1725 ct
1194 1668 1256 1725 hi
1291 1686 1408 1726 non
1436 1671 1633 1728 sciunt
1670 1668 1831 1745 quod
1860 1669 1979 1728 tale
2017 1671 2259 1728 insitum
2296 1668 2493 1738 detur,
2530 1670 2672 1745 quia

555 1789 670 1829 non
708 1770 870 1847 apud
902 1769 1071 1840 illos,
1125 1787 1257 1828 cum
1308 1777 1510 1829 tamen
1543 1770 1658 1829 hoc
1694 1771 1893 1845 ipsum
1929 1770 2216 1829 Divinum
2254 1768 2518 1829 coeleste
2558 1775 2668 1840 est,

552 1871 713 1948 quod
747 1871 1030 1948 primario
1065 1872 1257 1929 influit
1298 1890 1329 1928 c
1370 1870 1554 1931 Coelo
1591 1871 1752 1948 apud
1789 1871 2117 1946 hominem,
2159 1873 2297 1948 quia
2332 1871 2509 1929 homo
2555 1886 2670 1927 na-

552 1979 646 2032 tus
697 1979 789 2031 est
841 1972 919 2030 ad
970 1970 1246 2041 Coelum,
1303 1979 1359 2030 et
1404 1973 1463 2030 in
1514 1971 1764 2032 Coelum
1818 1990 1989 2031 nemo
2040 1974 2205 2030 venit
2253 1971 2484 2047 absque
2534 1969 2675 2029 idea

548 2073 770 2133 Divini.

712 2175 822 2231 83.
872 2171 1021 2231 Inde
1061 2181 1180 2241 cst,
1232 2172 1390 2247 quod
1430 2175 1533 2254 qui
1572 2190 1689 2230 non
1723 2176 1784 2230 in
1824 2172 1963 2231 idea
2017 2172 2185 2232 Coeli
2227 2178 2344 2246 est,
2399 2171 2514 2230 hoc
2557 2178 2672 2245 est,

549 2277 608 2332 in
644 2274 782 2332 idea
817 2273 1022 2332 Divini
1061 2290 1134 2332 ex
1173 2289 1289 2348 quo
1330 2271 1604 2346 Coelum,
1661 2290 1776 2330 non
1813 2275 2008 2350 possit
2055 2272 2131 2331 ad
2180 2276 2437 2351 primum
2489 2272 2674 2331 limen

551 2374 705 2434 coeli
741 2372 999 2449 elevari3
1042 2381 1104 2432 ut
1138 2376 1396 2450 primum
1441 2373 1585 2433 illuc
1622 2376 1815 2445 venit,
1872 2376 2204 2451 percipitur
2239 2375 2583 2433 resistentia
2611 2380 2679 2433 et

550 2477 718 2536 sortis
759 2476 1028 2533 renisus:
1083 2491 1269 2534 causa
1314 2480 1447 2548 =est,
1517 2477 1656 2551 quia
1704 2477 1990 2534 interiora
2040 2477 2202 2552 apud
2249 2474 2451 2544 illum,
2514 2492 2671 2550 quae

548 2583 873 2654 receptura
913 2584 1121 2636 essent
1158 2576 1420 2650 coelum,
1467 2578 1676 2636 clausa
1712 2583 1878 2652 sunt,
1921 2581 2199 2653 quoniam
2237 2594 2354 2635 non
2393 2580 2454 2636 in
2481 2578 2674 2636 forma

550 2679 736 2754 coeli3
774 2680 890 2736 imo
928 2677 1050 2751 illa,
1093 2696 1210 2755 quo
1246 2680 1498 2754 propius
1527 2682 1694 2739 venit
1732 2679 1806 2737 ad
1842 2678 2094 2752 coelum,
2135 2696 2205 2737 eo
2244 2680 2467 2736 arctius
2497 2676 2668 2737 clau-

547 2779 784 2839 duntur.
872 2777 1039 2837 Talis
1077 2795 1209 2837 sors
1259 2786 1351 2836 cst
1393 2779 1512 2837 illis
1562 2783 1718 2837 intra
1762 2781 2132 2849 Ecclesiam,
2198 2781 2298 2856 qui
2345 2778 2672 2838 Dominum

550 2885 801 2955 negant,
860 2885 920 2935 et
970 2880 1072 2953 qui
1121 2885 1187 2935 ut
1237 2876 1537 2938 Sociniani
1594 2879 1878 2938 Divinum
1926 2881 2158 2956 Ipsius:
2225 2879 2420 2957 qualis
2469 2885 2673 2939 autem

550 2995 683 3039 sors
723 2984 817 3037 est
856 2977 1008 3048 illis,
1063 2981 1165 3054 qui
1202 2983 1372 3038 extra
1415 2978 1754 3039 Ecclesiam
1805 2984 1927 3038 nati
1967 2988 2134 3055 sunt,
2201 2981 2417 3059 quibus
2456 2980 2669 3039 Domi-

549 3095 660 3137 nus
709 3095 826 3135 non
876 3084 969 3136 est
1036 3086 1210 3137 notus
1275 3080 1414 3153 quia
1462 3078 1733 3139 Verbum
1786 3099 1902 3139 non
1956 3082 2209 3157 habent,
2262 3080 2564 3142 videbitur
2610 3083 2672 3140 in

545 3178 954 3255 sequentibus.

704 3283 815 3339 84.
870 3278 1047 3355 Quod
1080 3281 1331 3356 Antiqui
1383 3280 1704 3340 habuerint
1751 3281 1951 3343 ideam
1997 3284 2259 3344 Humani
2312 3284 2386 3344 de
2422 3285 2670 3358 Divin0,

544 3388 780 3440 constat
829 3398 904 3441 ex
958 3381 1433 3460 apparitionibus
1495 3383 1702 3441 Divini
1778 3400 1982 3444 coram
2039 3384 2411 3460 Abrahamo,
2493 3386 2667 3460 Loto,

542 3482 768 3554 Josua,
809 3481 1146 3557 Guideone,
1185 3483 1550 3556 Manoach0,
1610 3501 1794 3544 uxore
1833 3486 2003 3562 ejus,
2058 3492 2119 3546 et
2149 3486 2315 3562 aliis,
2373 3488 2474 3564 qui
2509 3491 2668 3545 tam-

547 3584 661 3643 etsi
697 3583 975 3643 viderunt
1009 3585 1208 3644 Deum
1255 3590 1320 3643 ut
1354 3585 1707 3660 Hominem,
1772 3601 1964 3662 usque
2010 3586 2412 3647 adoraverunt
2460 3586 2672 3663 Ipsum

543 3700 654 3759 pro
698 3684 831 3742 Deo
881 3687 1174 3760 universi,
1232 3686 1502 3745 vocando
1541 3685 1752 3763 Ipsum
1786 3686 1989 3746 Deum
2025 3686 2177 3748 coeli
2216 3694 2276 3746 et
2312 3695 2542 3763 terrae,
2598 3703 2672 3747 ac

544 3783 872 3857 Jehovam3
930 3785 1089 3859 quod
1122 3786 1417 3846 Dominus
1466 3788 1647 3847 fuerit
1696 3790 1795 3864 qui
1851 3788 2019 3850 visus
2056 3786 2433 3862 Abrahamo‚
2494 3789 2673 3848 docet

541 3883 683 3960 Ipse
733 3883 893 3960 apud
940 3885 1285 3944 ,Iohannem
1341 3885 1498 3964 Cap:
1549 3886 1729 3946 VIII:
1789 3889 1899 3958 56,
1962 3888 2123 3965 quod
2173 3890 2352 3948 etiam
2390 3891 2668 3961 caeteris,

540 3990 713 4061 patet
775 4001 850 4043 ex
898 3984 1141 4045 Domini
1183 3985 1385 4046 verbis
1398 4029 1416 4062 ,
1493 3986 1723 4063 „Quod
1766 4006 1941 4049 nemo
1989 3990 2230 4049 Patrem
2285 3997 2347 4050 et
2404 3992 2673 4068 speciem

542 4083 748 4161 Ipsius
785 4084 1033 4161 viderit,
1073 4093 1134 4147 et
1166 4103 1378 4147 vocem
1412 4086 1617 4165 Ipsius
1654 4088 1974 4164 audiverit,
1988 4092 2027 4125 “
2064 4089 2205 4151 Joh:
2245 4090 2295 4150 I:
2341 4093 2448 4151 18.
2505 4091 2669 4168 Cap:

547 4183 643 4244 V:
700 4186 810 4246 37.

700 4286 810 4345 85.
868 4284 990 4346 Sed
1038 4288 1195 4365 quod
1246 4289 1417 4349 Deus
1479 4288 1677 4349 Homo
1739 4293 1851 4361 sit,
1906 4308 2086 4370 aegre
2134 4298 2338 4371 potest
2390 4310 2671 4369 compre-
