3013 5114
584 426 694 478 2⁶26
1197 411 1289 464 DE
1332 410 1571 464 couno
1614 409 1707 461 ET
1748 408 2085 465 INFERNO.

587 577 954 647 innocentia3
1011 572 1229 649 Angeli
1264 573 1609 631 inferiorum
1659 571 1960 630 coeloru'rn
2000 572 2173 629 etiam
2212 571 2270 626 in
2314 587 2514 629 amore
2552 561 2699 627 con·
2740 569 2747 572 ’

580 675 793 755 jugiali
830 682 995 748 sunt,
1046 675 1154 732 sed
1192 682 1475 750 quantum
1506 675 1565 731 in
1592 675 1957 744 innocentia,
2008 690 2143 729 nam
2182 689 2349 729 amor
2385 672 2699 748 conjugia-

586 780 659 836 lis
708 780 767 835 in
824 760 889 834 se
941 782 1248 852 spectatus
1300 782 1390 833 est
1444 781 1635 833 status
1678 775 2079 847 innocentiae,
2146 780 2512 850 quapropter
2548 775 2703 830 inter

589 879 906 955 conjuges,
973 879 1073 953 qui
1124 879 1182 934 in
1236 894 1435 934 amore
1488 874 1808 953 conjugiali
1861 880 2032 947 sunt,
2091 873 2363 950 jucunda
2417 873 2706 933 coelestia
2801 884 2815 896 ·

503 1016 556 1081 ἶ,
589 987 755 1051 sunt,
813 995 1010 1036 coram
1062 980 1271 1035 animis
1327 976 1564 1035 illorum
1618 983 1756 1034 sunt
1807 993 2000 1052 paene
2057 974 2281 1032 similes
2329 975 2703 1034 innocentiae

588 1081 760 1138 lusus
779 1123 794 1152 ,
853 1081 1007 1137 sicut
1043 1082 1195 1136 inter
1244 1079 1531 1151 infantes,
1586 1096 1722 1136 nam
1770 1076 1913 1135 nihil
1965 1095 2081 1134 non
2126 1076 2420 1153 jucundat
2475 1081 2705 1134 mentes

592 1199 829 1257 eorum,
872 1179 1117 1239 Coelum
1161 1183 1314 1237 enim
1359 1197 1490 1236 cum
1523 1196 1632 1237 suo
1676 1178 1894 1253 gaudio
1941 1178 2131 1234 inssuit
2169 1180 2229 1235 in
2272 1177 2508 1254 singula
2545 1178 2706 1235 vitae

591 1300 826 1340 eorum:
883 1288 1251 1358 quapropter
1288 1276 1467 1340 Amor
1512 1279 1863 1356 conjugialis
1900 1285 2391 1354 repraesentatur
2424 1281 2482 1336 in
2521 1277 2705 1337 Coelo

589 1402 701 1459 per
756 1382 1185 1459 pulcherrima3
1255 1382 1374 1441 vidi
1433 1380 1597 1438 illum
1664 1388 2179 1456 repraesentatum
2238 1398 2347 1457 per
2398 1380 2708 1456 Virginem

590 1482 1048 1560 pulchritudinis
1099 1481 1575 1558 inexpressibilis
1631 1484 1880 1540 cinctam
1933 1480 2184 1538 candida
2237 1481 2427 1540 nube:
2485 1481 2707 1538 dictum

593 1590 716 1657 est,
775 1583 931 1658 quod
972 1601 1042 1640 ex
1082 1600 1282 1639 amore
1333 1582 1655 1659 conjugiali
1691 1584 1769 1639 sit
1808 1584 1997 1639 omnis
2041 1582 2420 1658 pulchritudo
2458 1574 2704 1658 Angelis

589 1688 648 1742 in
687 1684 902 1743 Coelo:
965 1683 1308 1741 affectiones
1349 1691 1407 1742 et
1446 1686 1836 1759 cogitationes
1897 1700 1969 1741 ex
2020 1682 2121 1740 illo
2177 1689 2707 1759 repraesentantur

587 1803 699 1861 per
736 1801 913 1842 auras
952 1785 1363 1843 adamantinas
1404 1803 1476 1855 cx
1516 1786 1688 1861 quasi
1725 1786 1971 1861 pyropis
2011 1791 2069 1842 et
2109 1785 2333 1843 rubinis
2372 1783 2703 1843 scintillan-

590 1895 712 1956 teS,
784 1895 844 1944 et
903 1886 1016 1945 hoc
1076 1903 1208 1944 cum
1264 1886 1480 1944 delitiis
1537 1903 1690 1962 quae
1745 1886 2009 1944 afficiunt
2062 1888 2347 1944 interiora
2399 1887 2701 1944 mentium.

589 1984 794 2045 Verbo
831 1989 892 2045 in
922 2005 1122 2044 amore
1162 1987 1480 2063 conjugiali
1517 2004 1583 2046 se
1622 1993 2040 2062 repraesentat
2068 1985 2332 2060 Ocelum,
2374 1988 2513 2062 quia
2549 1984 2708 2044 Coe-

589 2089 711 2145 lum
749 2090 907 2165 apud
945 2088 1208 2163 Angelos
1254 2096 1343 2145 cst
1399 2089 1733 2163 conjunctio
1780 2087 1920 2145 boni
1959 2094 2018 2146 et
2056 2089 2210 2161 veri,
2265 2094 2323 2147 et
2359 2088 2508 2146 haec
2555 2103 2701 2146 con-

580 2190 808 2264 junctio
845 2190 988 2246 facit
1017 2205 1276 2245 amorem
1308 2187 1721 2265 conjugialem.

749 2291 885 2348 382
922 2279 1017 2377 [³].
1078 2287 1369 2365 Conjugia
1405 2292 1462 2346 in
1495 2288 1692 2347 Coelis
1729 2288 2005 2348 differunt
2032 2307 2067 2346 a
2104 2291 2394 2368 conjugiis
2424 2292 2484 2348 in
2509 2290 2702 2363 terrie,

588 2393 645 2448 in
685 2408 782 2458 eo,
838 2391 996 2467 quod
1033 2390 1310 2465 conjugia
1361 2393 1418 2447 in
1457 2392 1630 2447 tcrris
1684 2392 1930 2466 insuper
1969 2393 2088 2448 sint
2129 2398 2379 2468 propter
2416 2406 2703 2468 procrea-

588 2495 805 2550 tionem
846 2491 1106 2561 soboliS,
1143 2509 1258 2549 non
1300 2499 1498 2550 autem
1543 2492 1602 2549 in
1649 2492 1865 2569 coelis;
1916 2492 2047 2550 loco
2077 2492 2235 2551 illius
2273 2492 2702 2571 procreationis

591 2601 684 2651 cst.
719 2596 774 2651 in
829 2595 1012 2654 coelis
1064 2596 1398 2669 procreatio
1445 2593 1587 2652 boni
1636 2599 1694 2651 et
1744 2597 1900 2667 veri3
1957 2595 2115 2671 quod
2167 2595 2318 2654 hacc
2370 2594 2704 2670 procreatio

589 2695 720 2752 loco
762 2695 921 2754 illius
969 2699 1071 2766 sit,
1125 2702 1215 2752 est
1247 2698 1386 2770 quia
1423 2697 1764 2771 conjugium
1806 2713 2029 2769 eorum,
2071 2703 2162 2754 est
2197 2698 2534 2773 conjugiiun
2564 2695 2706 2753 boni

590 2804 648 2850 ct
689 2798 844 2864 veri,
893 2804 956 2852 ut
995 2812 1180 2870 supra
1217 2803 1524 2853 ostensum
1559 2805 1682 2869 cst,
1743 2803 1802 2854 ct
1837 2799 1895 2854 in
1934 2813 2004 2855 eo
2044 2797 2317 2874 conjugio
2356 2814 2543 2873 supra
2570 2814 2700 2854 om-

585 2898 685 2952 nia
719 2902 951 2952 amatur
986 2896 1202 2952 bonum
1248 2903 1306 2951 ct
1343 2914 1579 2968 verum,
1623 2914 1691 2954 ac
1736 2915 1937 2954 eorum
1970 2898 2337 2974 conjunctio,
2383 2897 2518 2956 ideo
2552 2897 2702 2954 haec

587 3002 721 3050 sunt
753 3011 906 3069 quae
947 3012 1022 3052 cx
1059 2995 1347 3071 conjugiis
1377 2998 1434 3053 in
1480 2995 1678 3055 Coelis
1721 3006 2162 3075 propagantur:
2219 2999 2357 3058 inde
2397 3005 2506 3069 est,
2545 2996 2704 3075 quod

585 3110 696 3170 per
733 3095 1078 3151 nativitatos
1112 3102 1170 3151 ct
1198 3099 1615 3171 generationes
1644 3100 1703 3154 in
1748 3099 1950 3157 Verbo
1981 3099 2391 3176 significentur
2419 3101 2701 3157 nativita-

585 3201 677 3251 tes
718 3201 777 3253 et
819 3195 1237 3270 generationes
1276 3197 1654 3273 spirituales»,
1720 3217 1875 3275 quae
1913 3207 2050 3258 sunt
2084 3200 2225 3259 boni
2265 3208 2324 3260 et
2373 3203 2532 3273 veri,
2594 3216 2704 3276 per

583 3302 836 3353 matrem
867 3303 925 3353 et
962 3302 1193 3372 patrem
1226 3314 1430 3355 verum
1462 3299 1841 3372 conjunctum
1873 3300 2027 3383 bono
2068 3302 2225 3378 quod
2262 3308 2555 3378 procreat,
2593 3317 2705 3378 per

582 3397 735 3456 filios
775 3404 833 3456 et
878 3397 1026 3456 filias
1071 3414 1216 3455 vera
1257 3407 1312 3455 et
1349 3398 1508 3457 bona
1546 3416 1700 3475 quae
1737 3409 2159 3477 procreantur,
2211 3409 2271 3462 et
2305 3421 2416 3479 per
2450 3416 2701 3480 generos

586 3505 646 3557 et
685 3515 870 3557 nurus
915 3499 1363 3574 conjunctiones
1400 3499 1642 3576 horum,
1684 3509 1744 3561 et
1779 3504 1866 3561 sic
1906 3520 2084 3580 porro
2117 3499 2214 3584 (r).
2270 3504 2359 3562 Ex
2390 3505 2480 3563 his
2517 3508 2702 3580 patet,

736 3707 818 3769 (r)
875 3705 1038 3770 Quod
1082 3706 1542 3779 Conceptiones‚
1607 3710 1841 3772 Partus,
1887 3709 2225 3763 Nativitates
2267 3721 2322 3763 et
2366 3708 2702 3763 Generatio·

581 3797 684 3833 nes
726 3781 1048 3852 significent
1092 3785 1231 3836 tales
1278 3785 1642 3854 spirituales,
1712 3802 1857 3856 quae
1913 3795 2044 3837 sunt
2094 3786 2235 3838 boni
2280 3798 2337 3840 et
2378 3787 2534 3851 veri,
2604 3803 2705 3838 seu

580 3857 797 3909 amoris
839 3868 895 3910 et
934 3858 1099 3919 fidei,
1145 3877 1211 3909 1¹:
1272 3868 1400 3918 613.
1455 3869 1622 3920 1145.
1661 3869 1826 3921 1755.
1876 3870 2043 3921 2020.
2096 3870 2264 3923 2584.
2317 3871 2486 3924 3860.
2533 3869 2699 3923 3868·

582 3938 752 3991 4070.
798 3940 964 3992 4668.
1010 3940 1174 3992 6239.
1216 3943 1381 3993 8042.
1428 3944 1592 3995 9325-
1640 3946 1844 3998 10249·
1908 3937 2074 4003 Quod
2116 3938 2247 3991 inde
2290 3940 2603 3993 Generatio
2647 3947 2705 3991 et

579 4006 860 4059 Nativitas
903 4007 1224 4078 significent
1262 4013 1762 4079 regenerationem
1818 4023 1875 4067 et
1925 4015 2341 4067 renascentiam
2381 4033 2487 4086 per
2531 4014 2703 4067 fidem

580 4091 638 4135 et
679 4098 953 4145 amorem,
997 4099 1063 4133 n:
1111 4091 1277 4142 5160.
1318 4093 1487 4145 5598.
1525 4096 1691 4148 9042.
1733 4097 1899 4150 9845.
1989 4089 2152 4154 Quod
2198 4092 2381 4144 Mater
2423 4091 2706 4162 significet

581 4157 897 4211 Ecclesiam
938 4159 1128 4230 quoad
1170 4177 1406 4223 verum,
1477 4162 1553 4216 ita
1596 4183 1829 4236 quoquc
1882 4184 2082 4220 verum
2146 4168 2466 4234 Ecclesiae3
2530 4168 2704 4220 Pater

579 4234 894 4287 Ecclesiam
925 4234 1113 4306 quoad
1156 4235 1394 4300 bonum,
1440 4237 1515 4289 ita
1546 4257 1779 4311 quoque
1813 4241 2029 4295 honum
2070 4244 2379 4306 Ecclesiae,
2433 4262 2487 4294 n:
2532 4251 2699 4303 2691.

532 4308 553 4330 ⁶
581 4318 750 4370 2717.
795 4317 961 4371 3703.
1008 4315 1175 4371 5581.
1215 4318 1384 4372 8897.
1454 4311 1617 4379 Quod
1657 4316 1790 4369 Filii
1828 4318 2153 4389 significent
2186 4319 2523 4373 affectiones
2551 4318 2699 4382 veri,
