<?xml version="1.0" encoding="UTF-8"?>
<!DOCTYPE html PUBLIC "-//W3C//DTD XHTML 1.0 Transitional//EN"
    "http://www.w3.org/TR/xhtml1/DTD/xhtml1-transitional.dtd">
<html xmlns="http://www.w3.org/1999/xhtml" xml:lang="en" lang="en">
 <head>
  <title>
</title>
<meta http-equiv="Content-Type" content="text/html;charset=utf-8" />
  <meta name='ocr-system' content='tesseract 3.04.00' />
  <meta name='ocr-capabilities' content='ocr_page ocr_carea ocr_par ocr_line ocrx_word'/>
</head>
<body>
  <div class='ocr_page' id='page_1' title='image "./decoeloetejusmi00tafegoog_0100.png"; bbox 0 0 3013 5114; ppageno 0'>
   <div class='ocr_carea' id='block_1_1' title="bbox 1750 205 1796 217">
    <p class='ocr_par' dir='ltr' id='par_1_1' title="bbox 1750 205 1796 217">
     <span class='ocr_line' id='line_1_1' title="bbox 1750 205 1796 217; baseline 0.022 -1"><span class='ocrx_word' id='word_1_1' title='bbox 1750 205 1796 217; x_wconf 69' lang='lat'>⁶-</span> 
     </span>
    </p>
   </div>
   <div class='ocr_carea' id='block_1_2' title="bbox 547 379 2051 449">
    <p class='ocr_par' dir='ltr' id='par_1_2' title="bbox 547 379 2051 449">
     <span class='ocr_line' id='line_1_2' title="bbox 547 379 2051 449; baseline -0.001 -10"><span class='ocrx_word' id='word_1_2' title='bbox 547 397 618 449; x_wconf 68' lang='grc'>94</span> <span class='ocrx_word' id='word_1_3' title='bbox 1166 383 1259 436; x_wconf 90' lang='lat' dir='ltr'>DE</span> <span class='ocrx_word' id='word_1_4' title='bbox 1303 381 1539 438; x_wconf 88' lang='lat' dir='ltr'>COELO</span> <span class='ocrx_word' id='word_1_5' title='bbox 1580 381 1675 435; x_wconf 88' lang='lat' dir='ltr'>ET</span> <span class='ocrx_word' id='word_1_6' title='bbox 1712 379 2051 438; x_wconf 84' lang='lat' dir='ltr'><strong>INFERNO.</strong></span> 
     </span>
    </p>
   </div>
   <div class='ocr_carea' id='block_1_3' title="bbox 543 538 2673 925">
    <p class='ocr_par' dir='ltr' id='par_1_3' title="bbox 543 538 2673 925">
     <span class='ocr_line' id='line_1_3' title="bbox 549 538 2658 618; baseline -0.007 -10"><span class='ocrx_word' id='word_1_7' title='bbox 549 550 734 608; x_wconf 89' lang='lat' dir='ltr'>estin</span> <span class='ocrx_word' id='word_1_8' title='bbox 778 546 984 618; x_wconf 86' lang='lat' dir='ltr'>terris,</span> <span class='ocrx_word' id='word_1_9' title='bbox 1044 542 1154 603; x_wconf 87' lang='lat' dir='ltr'>sed</span> <span class='ocrx_word' id='word_1_10' title='bbox 1204 543 1380 602; x_wconf 91' lang='lat' dir='ltr'>modo</span> <span class='ocrx_word' id='word_1_11' title='bbox 1423 542 1543 600; x_wconf 89' lang='lat' dir='ltr'>illis</span> <span class='ocrx_word' id='word_1_12' title='bbox 1591 542 1696 617; x_wconf 74' lang='lat' dir='ltr'>qui</span> <span class='ocrx_word' id='word_1_13' title='bbox 1741 542 1801 597; x_wconf 92' lang='lat' dir='ltr'>in</span> <span class='ocrx_word' id='word_1_14' title='bbox 1845 538 2003 597; x_wconf 91' lang='lat' dir='ltr'>bono</span> <span class='ocrx_word' id='word_1_15' title='bbox 2050 544 2224 609; x_wconf 89' lang='lat' dir='ltr'>sunt,</span> <span class='ocrx_word' id='word_1_16' title='bbox 2286 543 2347 597; x_wconf 83' lang='lat' dir='ltr'>et</span> <span class='ocrx_word' id='word_1_17' title='bbox 2382 553 2502 594; x_wconf 90' lang='lat' dir='ltr'>non</span> <span class='ocrx_word' id='word_1_18' title='bbox 2548 554 2658 595; x_wconf 81' lang='lat' dir='ltr'>ex·-</span> 
     </span>
     <span class='ocr_line' id='line_1_4' title="bbox 545 638 2668 719; baseline -0.006 -12"><span class='ocrx_word' id='word_1_19' title='bbox 545 651 878 707; x_wconf 82' lang='lat' dir='ltr'>stinxerunt</span> <span class='ocrx_word' id='word_1_20' title='bbox 911 645 1109 703; x_wconf 90' lang='lat' dir='ltr'>lucem</span> <span class='ocrx_word' id='word_1_21' title='bbox 1149 643 1315 703; x_wconf 85' lang='lat' dir='ltr'>Coeli</span> <span class='ocrx_word' id='word_1_22' title='bbox 1351 642 1516 719; x_wconf 87' lang='lat' dir='ltr'>apud</span> <span class='ocrx_word' id='word_1_23' title='bbox 1562 660 1628 701; x_wconf 90' lang='lat' dir='ltr'>se</span> <span class='ocrx_word' id='word_1_24' title='bbox 1680 659 1788 717; x_wconf 91' lang='lat' dir='ltr'>per</span> <span class='ocrx_word' id='word_1_25' title='bbox 1836 639 2113 698; x_wconf 88' lang='lat' dir='ltr'>naturale</span> <span class='ocrx_word' id='word_1_26' title='bbox 2158 638 2362 697; x_wconf 91' lang='lat' dir='ltr'>lumen</span> <span class='ocrx_word' id='word_1_27' title='bbox 2423 644 2483 697; x_wconf 88' lang='lat' dir='ltr'>et</span> <span class='ocrx_word' id='word_1_28' title='bbox 2534 638 2668 714; x_wconf 88' lang='lat' dir='ltr'>ejus</span> 
     </span>
     <span class='ocr_line' id='line_1_5' title="bbox 543 738 2673 822; baseline -0.006 -15"><span class='ocrx_word' id='word_1_29' title='bbox 543 749 846 821; x_wconf 84' lang='lat' dir='ltr'>fallacias3</span> <span class='ocrx_word' id='word_1_30' title='bbox 898 748 1159 822; x_wconf 87' lang='lat' dir='ltr'>cogitant</span> <span class='ocrx_word' id='word_1_31' title='bbox 1208 748 1362 803; x_wconf 85' lang='lat' dir='ltr'>enim</span> <span class='ocrx_word' id='word_1_32' title='bbox 1415 752 1474 803; x_wconf 92' lang='lat' dir='ltr'>et</span> <span class='ocrx_word' id='word_1_33' title='bbox 1522 744 1751 815; x_wconf 88' lang='lat' dir='ltr'>dicunt,</span> <span class='ocrx_word' id='word_1_34' title='bbox 1807 759 1940 801; x_wconf 88' lang='lat' dir='ltr'>cum</span> <span class='ocrx_word' id='word_1_35' title='bbox 1984 741 2059 798; x_wconf 90' lang='lat' dir='ltr'>de</span> <span class='ocrx_word' id='word_1_36' title='bbox 2098 739 2314 810; x_wconf 87' lang='lat' dir='ltr'>Coe10‚</span> <span class='ocrx_word' id='word_1_37' title='bbox 2392 738 2673 815; x_wconf 90' lang='lat' dir='ltr'>quodibi</span> 
     </span>
     <span class='ocr_line' id='line_1_6' title="bbox 548 838 2584 925; baseline -0.005 -17"><span class='ocrx_word' id='word_1_38' title='bbox 548 850 695 908; x_wconf 85' lang='lat' dir='ltr'>talia</span> <span class='ocrx_word' id='word_1_39' title='bbox 731 851 885 923; x_wconf 89' lang='lat' dir='ltr'>sint,</span> <span class='ocrx_word' id='word_1_40' title='bbox 947 865 1108 925; x_wconf 82' lang='lat' dir='ltr'>quae</span> <span class='ocrx_word' id='word_1_41' title='bbox 1144 864 1458 924; x_wconf 72' lang='lat' dir='ltr'>nusquam</span> <span class='ocrx_word' id='word_1_42' title='bbox 1498 843 1686 913; x_wconf 72' lang='lat' dir='ltr'>auris</span> <span class='ocrx_word' id='word_1_43' title='bbox 1724 841 2009 916; x_wconf 75' lang='lat' dir='ltr'>audivit,</span> <span class='ocrx_word' id='word_1_44' title='bbox 2064 846 2123 899; x_wconf 75' lang='lat' dir='ltr'>et</span> <span class='ocrx_word' id='word_1_45' title='bbox 2150 838 2372 901; x_wconf 76' lang='lat' dir='ltr'>oculus</span> <span class='ocrx_word' id='word_1_46' title='bbox 2399 839 2584 900; x_wconf 75' lang='lat' dir='ltr'>vidit.</span> 
     </span>
    </p>
   </div>
   <div class='ocr_carea' id='block_1_4' title="bbox 551 1011 2678 1935">
    <p class='ocr_par' dir='ltr' id='par_1_4' title="bbox 667 1011 2573 1208">
     <span class='ocr_line' id='line_1_7' title="bbox 667 1011 2573 1109; baseline -0.005 -22"><span class='ocrx_word' id='word_1_47' title='bbox 667 1019 792 1087; x_wconf 90' lang='lat' dir='ltr'>De</span> <span class='ocrx_word' id='word_1_48' title='bbox 845 1012 1327 1100; x_wconf 81' lang='lat' dir='ltr'>Vestibus,</span> <span class='ocrx_word' id='word_1_49' title='bbox 1400 1011 1731 1109; x_wconf 84' lang='lat' dir='ltr'>quibus</span> <span class='ocrx_word' id='word_1_50' title='bbox 1794 1011 2093 1081; x_wconf 87' lang='lat' dir='ltr'>induti</span> <span class='ocrx_word' id='word_1_51' title='bbox 2149 1026 2573 1108; x_wconf 82' lang='lat' dir='ltr'><strong>apparent</strong></span> 
     </span>
     <span class='ocr_line' id='line_1_8' title="bbox 1434 1112 1788 1208; baseline 0 -28"><span class='ocrx_word' id='word_1_52' title='bbox 1434 1112 1788 1208; x_wconf 85' lang='lat' dir='ltr'>Angeli.</span> 
     </span>
    </p>

    <p class='ocr_par' dir='ltr' id='par_1_5' title="bbox 551 1247 2678 1935">
     <span class='ocr_line' id='line_1_9' title="bbox 715 1247 2673 1325; baseline -0.004 -15"><span class='ocrx_word' id='word_1_53' title='bbox 715 1256 744 1310; x_wconf 92' lang='lat'>1</span> <span class='ocrx_word' id='word_1_54' title='bbox 767 1256 874 1309; x_wconf 89' lang='grc'><strong>77.</strong></span> <span class='ocrx_word' id='word_1_55' title='bbox 933 1249 1088 1325; x_wconf 85' lang='lat' dir='ltr'>Quia</span> <span class='ocrx_word' id='word_1_56' title='bbox 1116 1247 1330 1323; x_wconf 86' lang='lat' dir='ltr'>Angeli</span> <span class='ocrx_word' id='word_1_57' title='bbox 1367 1247 1641 1304; x_wconf 82' lang='lat' dir='ltr'>homines</span> <span class='ocrx_word' id='word_1_58' title='bbox 1686 1253 1842 1320; x_wconf 84' lang='lat' dir='ltr'>sunt,</span> <span class='ocrx_word' id='word_1_59' title='bbox 1887 1253 1947 1305; x_wconf 90' lang='lat' dir='ltr'>et</span> <span class='ocrx_word' id='word_1_60' title='bbox 1983 1248 2135 1304; x_wconf 89' lang='lat' dir='ltr'>inter</span> <span class='ocrx_word' id='word_1_61' title='bbox 2175 1262 2242 1304; x_wconf 91' lang='lat' dir='ltr'>se</span> <span class='ocrx_word' id='word_1_62' title='bbox 2279 1247 2489 1304; x_wconf 87' lang='lat' dir='ltr'>vivunt</span> <span class='ocrx_word' id='word_1_63' title='bbox 2517 1247 2673 1304; x_wconf 88' lang='lat' dir='ltr'>sicut</span> 
     </span>
     <span class='ocr_line' id='line_1_10' title="bbox 554 1334 2678 1420; baseline -0.005 -6"><span class='ocrx_word' id='word_1_64' title='bbox 554 1356 826 1414; x_wconf 90' lang='lat' dir='ltr'>homines</span> <span class='ocrx_word' id='word_1_65' title='bbox 878 1350 1110 1409; x_wconf 84' lang='lat' dir='ltr'>telluris</span> <span class='ocrx_word' id='word_1_66' title='bbox 1160 1334 1470 1420; x_wconf 45' lang='lat' dir='ltr'>inter&#39;se,</span> <span class='ocrx_word' id='word_1_67' title='bbox 1534 1347 1669 1406; x_wconf 88' lang='lat' dir='ltr'>ideo</span> <span class='ocrx_word' id='word_1_68' title='bbox 1726 1347 1843 1405; x_wconf 87' lang='lat' dir='ltr'>illis</span> <span class='ocrx_word' id='word_1_69' title='bbox 1896 1355 2098 1405; x_wconf 87' lang='lat' dir='ltr'>vestes</span> <span class='ocrx_word' id='word_1_70' title='bbox 2152 1354 2322 1419; x_wconf 89' lang='lat' dir='ltr'>sunt,</span> <span class='ocrx_word' id='word_1_71' title='bbox 2377 1346 2678 1404; x_wconf 86' lang='lat' dir='ltr'>domicilia</span> 
     </span>
     <span class='ocr_line' id='line_1_11' title="bbox 554 1446 2673 1528; baseline -0.005 -13"><span class='ocrx_word' id='word_1_72' title='bbox 554 1461 718 1528; x_wconf 90' lang='lat' dir='ltr'>sunt,</span> <span class='ocrx_word' id='word_1_73' title='bbox 761 1458 821 1512; x_wconf 89' lang='lat' dir='ltr'>et</span> <span class='ocrx_word' id='word_1_74' title='bbox 866 1450 1083 1508; x_wconf 87' lang='lat' dir='ltr'>similia</span> <span class='ocrx_word' id='word_1_75' title='bbox 1119 1449 1324 1525; x_wconf 85' lang='lat' dir='ltr'>plura,</span> <span class='ocrx_word' id='word_1_76' title='bbox 1366 1465 1500 1506; x_wconf 90' lang='lat' dir='ltr'>cum</span> <span class='ocrx_word' id='word_1_77' title='bbox 1540 1448 1874 1506; x_wconf 86' lang='lat' dir='ltr'>differentia</span> <span class='ocrx_word' id='word_1_78' title='bbox 1914 1453 2146 1517; x_wconf 89' lang='lat' dir='ltr'>tamen,</span> <span class='ocrx_word' id='word_1_79' title='bbox 2186 1446 2344 1522; x_wconf 91' lang='lat' dir='ltr'>quod</span> <span class='ocrx_word' id='word_1_80' title='bbox 2370 1447 2487 1504; x_wconf 89' lang='lat' dir='ltr'>illis</span> <span class='ocrx_word' id='word_1_81' title='bbox 2525 1464 2673 1522; x_wconf 90' lang='lat' dir='ltr'>per-</span> 
     </span>
     <span class='ocr_line' id='line_1_12' title="bbox 551 1549 2677 1625; baseline -0.005 -10"><span class='ocrx_word' id='word_1_82' title='bbox 551 1557 800 1615; x_wconf 85' lang='lat' dir='ltr'>fectiora</span> <span class='ocrx_word' id='word_1_83' title='bbox 839 1553 1038 1609; x_wconf 87' lang='lat' dir='ltr'>omnia</span> <span class='ocrx_word' id='word_1_84' title='bbox 1085 1552 1220 1623; x_wconf 85' lang='lat' dir='ltr'>sint,</span> <span class='ocrx_word' id='word_1_85' title='bbox 1282 1552 1421 1625; x_wconf 84' lang='lat' dir='ltr'>quia</span> <span class='ocrx_word' id='word_1_86' title='bbox 1465 1552 1526 1606; x_wconf 92' lang='lat' dir='ltr'>in</span> <span class='ocrx_word' id='word_1_87' title='bbox 1569 1549 1914 1625; x_wconf 82' lang='lat' dir='ltr'><strong>perfectiori</strong></span> <span class='ocrx_word' id='word_1_88' title='bbox 1951 1555 2146 1606; x_wconf 83' lang='lat' dir='ltr'>statu:</span> <span class='ocrx_word' id='word_1_89' title='bbox 2200 1565 2341 1605; x_wconf 88' lang='lat' dir='ltr'>nam</span> <span class='ocrx_word' id='word_1_90' title='bbox 2377 1551 2530 1606; x_wconf 91' lang='lat' dir='ltr'>sicut</span> <span class='ocrx_word' id='word_1_91' title='bbox 2572 1563 2677 1606; x_wconf 88' lang='lat' dir='ltr'>sa-</span> 
     </span>
     <span class='ocr_line' id='line_1_13' title="bbox 551 1646 2677 1734; baseline -0.005 -19"><span class='ocrx_word' id='word_1_92' title='bbox 551 1656 783 1734; x_wconf 81' lang='lat' dir='ltr'>pientia</span> <span class='ocrx_word' id='word_1_93' title='bbox 832 1651 1103 1727; x_wconf 88' lang='lat' dir='ltr'>angelica</span> <span class='ocrx_word' id='word_1_94' title='bbox 1149 1651 1386 1710; x_wconf 79' lang='lat' dir='ltr'>excedit</span> <span class='ocrx_word' id='word_1_95' title='bbox 1437 1653 1796 1725; x_wconf 69' lang='lat' dir='ltr'>sapientiam</span> <span class='ocrx_word' id='word_1_96' title='bbox 1840 1650 2163 1707; x_wconf 84' lang='lat' dir='ltr'>humanam</span> <span class='ocrx_word' id='word_1_97' title='bbox 2214 1650 2274 1706; x_wconf 91' lang='lat' dir='ltr'>in</span> <span class='ocrx_word' id='word_1_98' title='bbox 2324 1647 2429 1706; x_wconf 88' lang='lat' dir='ltr'>tali</span> <span class='ocrx_word' id='word_1_99' title='bbox 2464 1646 2677 1724; x_wconf 89' lang='lat' dir='ltr'>gradu,</span> 
     </span>
     <span class='ocr_line' id='line_1_14' title="bbox 554 1748 2675 1827; baseline -0.004 -12"><span class='ocrx_word' id='word_1_100' title='bbox 554 1763 624 1816; x_wconf 88' lang='lat' dir='ltr'>ut</span> <span class='ocrx_word' id='word_1_101' title='bbox 659 1756 889 1813; x_wconf 86' lang='lat' dir='ltr'>dicatur</span> <span class='ocrx_word' id='word_1_102' title='bbox 940 1751 1281 1826; x_wconf 77' lang='lat' dir='ltr'>ineffabiliS,</span> <span class='ocrx_word' id='word_1_103' title='bbox 1339 1755 1423 1810; x_wconf 88' lang='lat' dir='ltr'>ita</span> <span class='ocrx_word' id='word_1_104' title='bbox 1475 1769 1715 1827; x_wconf 92' lang='lat' dir='ltr'>quoque</span> <span class='ocrx_word' id='word_1_105' title='bbox 1761 1753 1958 1809; x_wconf 89' lang='lat' dir='ltr'>omnia</span> <span class='ocrx_word' id='word_1_106' title='bbox 1996 1767 2150 1826; x_wconf 87' lang='lat' dir='ltr'>quae</span> <span class='ocrx_word' id='word_1_107' title='bbox 2196 1750 2270 1808; x_wconf 92' lang='lat' dir='ltr'>ab</span> <span class='ocrx_word' id='word_1_108' title='bbox 2316 1748 2434 1807; x_wconf 90' lang='lat' dir='ltr'>illis</span> <span class='ocrx_word' id='word_1_109' title='bbox 2473 1750 2675 1825; x_wconf 90' lang='lat' dir='ltr'>perci-</span> 
     </span>
     <span class='ocr_line' id='line_1_15' title="bbox 557 1849 2672 1935; baseline -0.004 -20"><span class='ocrx_word' id='word_1_110' title='bbox 557 1860 804 1935; x_wconf 88' lang='lat' dir='ltr'>piuntur</span> <span class='ocrx_word' id='word_1_111' title='bbox 841 1860 901 1913; x_wconf 90' lang='lat' dir='ltr'>et</span> <span class='ocrx_word' id='word_1_112' title='bbox 935 1853 1051 1911; x_wconf 92' lang='lat' dir='ltr'>illis</span> <span class='ocrx_word' id='word_1_113' title='bbox 1086 1859 1407 1929; x_wconf 82' lang='lat' dir='ltr'>apparent3</span> <span class='ocrx_word' id='word_1_114' title='bbox 1464 1869 1603 1909; x_wconf 89' lang='lat' dir='ltr'>nam</span> <span class='ocrx_word' id='word_1_115' title='bbox 1647 1853 1843 1909; x_wconf 88' lang='lat' dir='ltr'>omnia</span> <span class='ocrx_word' id='word_1_116' title='bbox 1881 1869 2034 1927; x_wconf 91' lang='lat' dir='ltr'>quae</span> <span class='ocrx_word' id='word_1_117' title='bbox 2072 1851 2147 1908; x_wconf 86' lang='lat' dir='ltr'>ab</span> <span class='ocrx_word' id='word_1_118' title='bbox 2184 1849 2433 1926; x_wconf 85' lang='lat' dir='ltr'>Angelis</span> <span class='ocrx_word' id='word_1_119' title='bbox 2469 1851 2672 1926; x_wconf 90' lang='lat' dir='ltr'>perci-</span> 
     </span>
    </p>
   </div>
   <div class='ocr_carea' id='block_1_5' title="bbox 558 1951 2674 2131">
    <p class='ocr_par' dir='ltr' id='par_1_6' title="bbox 558 1951 2674 2131">
     <span class='ocr_line' id='line_1_16' title="bbox 558 1951 2674 2036; baseline -0.004 -20"><span class='ocrx_word' id='word_1_120' title='bbox 558 1961 804 2036; x_wconf 91' lang='lat' dir='ltr'>piuntur</span> <span class='ocrx_word' id='word_1_121' title='bbox 840 1961 901 2013; x_wconf 92' lang='lat' dir='ltr'>et</span> <span class='ocrx_word' id='word_1_122' title='bbox 944 1954 1063 2013; x_wconf 87' lang='lat' dir='ltr'>illis</span> <span class='ocrx_word' id='word_1_123' title='bbox 1116 1961 1441 2031; x_wconf 86' lang='lat' dir='ltr'>apparent,</span> <span class='ocrx_word' id='word_1_124' title='bbox 1496 1954 1835 2030; x_wconf 79' lang='lat' dir='ltr'>sapientiae</span> <span class='ocrx_word' id='word_1_125' title='bbox 1888 1952 2127 2010; x_wconf 89' lang='lat' dir='ltr'>illorum</span> <span class='ocrx_word' id='word_1_126' title='bbox 2182 1951 2674 2028; x_wconf 82' lang='lat' dir='ltr'>correspondent,</span> 
     </span>
     <span class='ocr_line' id='line_1_17' title="bbox 560 2057 1374 2131; baseline -0.007 -13"><span class='ocrx_word' id='word_1_127' title='bbox 560 2059 840 2118; x_wconf 83' lang='lat' dir='ltr'>videatur</span> <span class='ocrx_word' id='word_1_128' title='bbox 875 2073 1060 2131; x_wconf 90' lang='lat' dir='ltr'>supra</span> <span class='ocrx_word' id='word_1_129' title='bbox 1095 2073 1164 2112; x_wconf 88' lang='lat' dir='ltr'>n:</span> <span class='ocrx_word' id='word_1_130' title='bbox 1215 2059 1242 2112; x_wconf 93' lang='grc'>1</span> <span class='ocrx_word' id='word_1_131' title='bbox 1266 2057 1374 2114; x_wconf 87' lang='grc'>73.</span> 
     </span>
    </p>
   </div>
   <div class='ocr_carea' id='block_1_6' title="bbox 551 2172 2692 3763">
    <p class='ocr_par' dir='ltr' id='par_1_7' title="bbox 551 2172 2687 3257">
     <span class='ocr_line' id='line_1_18' title="bbox 718 2172 2674 2249; baseline -0.002 -15"><span class='ocrx_word' id='word_1_132' title='bbox 718 2180 746 2234; x_wconf 93' lang='grc'>1</span> <span class='ocrx_word' id='word_1_133' title='bbox 770 2178 875 2234; x_wconf 89' lang='grc'><strong>78.</strong></span> <span class='ocrx_word' id='word_1_134' title='bbox 933 2175 1175 2245; x_wconf 78' lang='lat' dir='ltr'>VesteS,</span> <span class='ocrx_word' id='word_1_135' title='bbox 1223 2173 1436 2248; x_wconf 89' lang='lat' dir='ltr'>quibus</span> <span class='ocrx_word' id='word_1_136' title='bbox 1474 2173 1695 2249; x_wconf 89' lang='lat' dir='ltr'>Angeli</span> <span class='ocrx_word' id='word_1_137' title='bbox 1729 2173 1921 2231; x_wconf 90' lang='lat' dir='ltr'>induti</span> <span class='ocrx_word' id='word_1_138' title='bbox 1958 2180 2114 2247; x_wconf 80' lang='lat' dir='ltr'>sunt,</span> <span class='ocrx_word' id='word_1_139' title='bbox 2156 2172 2430 2231; x_wconf 87' lang='lat' dir='ltr'>similiter</span> <span class='ocrx_word' id='word_1_140' title='bbox 2467 2189 2536 2230; x_wconf 86' lang='lat' dir='ltr'>ac</span> <span class='ocrx_word' id='word_1_141' title='bbox 2572 2188 2674 2230; x_wconf 91' lang='lat' dir='ltr'>re-</span> 
     </span>
     <span class='ocr_line' id='line_1_19' title="bbox 551 2272 2681 2354; baseline -0.003 -18"><span class='ocrx_word' id='word_1_142' title='bbox 551 2278 747 2354; x_wconf 84' lang='lat' dir='ltr'>liqua,</span> <span class='ocrx_word' id='word_1_143' title='bbox 811 2275 1306 2349; x_wconf 83' lang='lat' dir='ltr'>correspondent,</span> <span class='ocrx_word' id='word_1_144' title='bbox 1380 2281 1441 2332; x_wconf 90' lang='lat' dir='ltr'>et</span> <span class='ocrx_word' id='word_1_145' title='bbox 1492 2277 1633 2348; x_wconf 87' lang='lat' dir='ltr'>quia</span> <span class='ocrx_word' id='word_1_146' title='bbox 1683 2274 2154 2350; x_wconf 84' lang='lat' dir='ltr'>correspondent</span> <span class='ocrx_word' id='word_1_147' title='bbox 2198 2276 2377 2333; x_wconf 88' lang='lat' dir='ltr'>etiam</span> <span class='ocrx_word' id='word_1_148' title='bbox 2437 2272 2681 2331; x_wconf 85' lang='lat' dir='ltr'>realiter</span> 
     </span>
     <span class='ocr_line' id='line_1_20' title="bbox 561 2375 2672 2451; baseline -0.003 -14"><span class='ocrx_word' id='word_1_149' title='bbox 561 2379 855 2446; x_wconf 85' lang='lat' dir='ltr'>existunt,</span> <span class='ocrx_word' id='word_1_150' title='bbox 904 2375 1176 2433; x_wconf 85' lang='lat' dir='ltr'>videatur</span> <span class='ocrx_word' id='word_1_151' title='bbox 1216 2391 1403 2451; x_wconf 85' lang='lat' dir='ltr'>supra</span> <span class='ocrx_word' id='word_1_152' title='bbox 1438 2393 1508 2433; x_wconf 87' lang='lat' dir='ltr'>n:</span> <span class='ocrx_word' id='word_1_153' title='bbox 1555 2378 1582 2432; x_wconf 93' lang='lat' dir='ltr'>l</span> <span class='ocrx_word' id='word_1_154' title='bbox 1607 2377 1732 2434; x_wconf 83' lang='lat'>75:</span> <span class='ocrx_word' id='word_1_155' title='bbox 1786 2375 2009 2434; x_wconf 85' lang='lat' dir='ltr'>Vestes</span> <span class='ocrx_word' id='word_1_156' title='bbox 2046 2375 2281 2433; x_wconf 90' lang='lat' dir='ltr'>illorum</span> <span class='ocrx_word' id='word_1_157' title='bbox 2312 2391 2672 2449; x_wconf 87' lang='lat' dir='ltr'>correspon-</span> 
     </span>
     <span class='ocr_line' id='line_1_21' title="bbox 561 2474 2677 2553; baseline -0.003 -15"><span class='ocrx_word' id='word_1_158' title='bbox 561 2480 701 2538; x_wconf 89' lang='lat' dir='ltr'>dent</span> <span class='ocrx_word' id='word_1_159' title='bbox 735 2477 1175 2553; x_wconf 89' lang='lat' dir='ltr'>Intelligentiae</span> <span class='ocrx_word' id='word_1_160' title='bbox 1223 2476 1495 2552; x_wconf 84' lang='lat' dir='ltr'>illorum3</span> <span class='ocrx_word' id='word_1_161' title='bbox 1557 2483 1927 2553; x_wconf 87' lang='lat' dir='ltr'>quapropter</span> <span class='ocrx_word' id='word_1_162' title='bbox 1976 2493 2182 2535; x_wconf 91' lang='lat' dir='ltr'>omnes</span> <span class='ocrx_word' id='word_1_163' title='bbox 2226 2479 2289 2533; x_wconf 92' lang='lat' dir='ltr'>in</span> <span class='ocrx_word' id='word_1_164' title='bbox 2327 2474 2525 2534; x_wconf 89' lang='lat' dir='ltr'>Coelis</span> <span class='ocrx_word' id='word_1_165' title='bbox 2562 2492 2677 2550; x_wconf 88' lang='lat' dir='ltr'>ap-</span> 
     </span>
     <span class='ocr_line' id='line_1_22' title="bbox 562 2575 2677 2659; baseline -0.003 -19"><span class='ocrx_word' id='word_1_166' title='bbox 562 2588 778 2659; x_wconf 86' lang='lat' dir='ltr'>parent</span> <span class='ocrx_word' id='word_1_167' title='bbox 812 2581 1013 2639; x_wconf 79' lang='lat' dir='ltr'>vestiti</span> <span class='ocrx_word' id='word_1_168' title='bbox 1049 2578 1380 2637; x_wconf 88' lang='lat' dir='ltr'>secundum</span> <span class='ocrx_word' id='word_1_169' title='bbox 1416 2578 1900 2654; x_wconf 83' lang='lat' dir='ltr'>intelligentiam3</span> <span class='ocrx_word' id='word_1_170' title='bbox 1958 2587 2019 2637; x_wconf 90' lang='lat' dir='ltr'>et</span> <span class='ocrx_word' id='word_1_171' title='bbox 2064 2581 2203 2654; x_wconf 89' lang='lat' dir='ltr'>quia</span> <span class='ocrx_word' id='word_1_172' title='bbox 2252 2593 2405 2635; x_wconf 90' lang='lat' dir='ltr'>unus</span> <span class='ocrx_word' id='word_1_173' title='bbox 2453 2575 2677 2635; x_wconf 89' lang='lat' dir='ltr'>intelli-</span> 
     </span>
     <span class='ocr_line' id='line_1_23' title="bbox 565 2678 2683 2760; baseline -0.003 -19"><span class='ocrx_word' id='word_1_174' title='bbox 565 2684 768 2760; x_wconf 86' lang='lat' dir='ltr'>gentia</span> <span class='ocrx_word' id='word_1_175' title='bbox 804 2687 1075 2757; x_wconf 88' lang='lat' dir='ltr'>praestat</span> <span class='ocrx_word' id='word_1_176' title='bbox 1110 2679 1304 2749; x_wconf 89' lang='lat' dir='ltr'>alteri,</span> <span class='ocrx_word' id='word_1_177' title='bbox 1349 2697 1418 2738; x_wconf 84' lang='lat' dir='ltr'>n:</span> <span class='ocrx_word' id='word_1_178' title='bbox 1462 2681 1551 2737; x_wconf 88' lang='lat'>43</span> <span class='ocrx_word' id='word_1_179' title='bbox 1596 2688 1655 2737; x_wconf 88' lang='lat' dir='ltr'>et</span> <span class='ocrx_word' id='word_1_180' title='bbox 1698 2683 1859 2747; x_wconf 81' lang='lat'>128,</span> <span class='ocrx_word' id='word_1_181' title='bbox 1896 2679 2032 2739; x_wconf 90' lang='lat' dir='ltr'>ideo</span> <span class='ocrx_word' id='word_1_182' title='bbox 2070 2680 2172 2736; x_wconf 89' lang='lat' dir='ltr'>uni</span> <span class='ocrx_word' id='word_1_183' title='bbox 2206 2678 2683 2754; x_wconf 80' lang='lat' dir='ltr'>praestantiores</span> 
     </span>
     <span class='ocr_line' id='line_1_24' title="bbox 563 2779 2682 2856; baseline -0.003 -14"><span class='ocrx_word' id='word_1_184' title='bbox 563 2790 768 2842; x_wconf 81' lang='lat' dir='ltr'>vestes</span> <span class='ocrx_word' id='word_1_185' title='bbox 807 2787 945 2839; x_wconf 89' lang='lat' dir='ltr'>sunt</span> <span class='ocrx_word' id='word_1_186' title='bbox 993 2798 1171 2856; x_wconf 86' lang='lat' dir='ltr'>quam</span> <span class='ocrx_word' id='word_1_187' title='bbox 1209 2779 1413 2838; x_wconf 87' lang='lat' dir='ltr'>alteri:</span> <span class='ocrx_word' id='word_1_188' title='bbox 1469 2779 2025 2856; x_wconf 85' lang='lat' dir='ltr'>intelligentissimis</span> <span class='ocrx_word' id='word_1_189' title='bbox 2075 2786 2214 2837; x_wconf 89' lang='lat' dir='ltr'>sunt</span> <span class='ocrx_word' id='word_1_190' title='bbox 2257 2785 2461 2837; x_wconf 88' lang='lat' dir='ltr'>vestes</span> <span class='ocrx_word' id='word_1_191' title='bbox 2501 2794 2682 2836; x_wconf 88' lang='lat' dir='ltr'>coru-</span> 
     </span>
     <span class='ocr_line' id='line_1_25' title="bbox 566 2880 2687 2963; baseline -0.002 -22"><span class='ocrx_word' id='word_1_192' title='bbox 566 2889 805 2942; x_wconf 86' lang='lat' dir='ltr'>scantes</span> <span class='ocrx_word' id='word_1_193' title='bbox 854 2882 1010 2963; x_wconf 86' lang='lat' dir='ltr'>sicut</span> <span class='ocrx_word' id='word_1_194' title='bbox 1069 2898 1144 2937; x_wconf 85' lang='lat' dir='ltr'>ex</span> <span class='ocrx_word' id='word_1_195' title='bbox 1195 2880 1460 2953; x_wconf 86' lang='lat' dir='ltr'>flamma,</span> <span class='ocrx_word' id='word_1_196' title='bbox 1530 2880 1887 2956; x_wconf 86' lang='lat' dir='ltr'>quibusdam</span> <span class='ocrx_word' id='word_1_197' title='bbox 1939 2880 2329 2957; x_wconf 88' lang='lat' dir='ltr'>splendentes</span> <span class='ocrx_word' id='word_1_198' title='bbox 2392 2881 2547 2938; x_wconf 89' lang='lat' dir='ltr'>sicut</span> <span class='ocrx_word' id='word_1_199' title='bbox 2610 2896 2687 2937; x_wconf 79' lang='lat' dir='ltr'>ex</span> 
     </span>
     <span class='ocr_line' id='line_1_26' title="bbox 565 2979 2683 3057; baseline -0.001 -17"><span class='ocrx_word' id='word_1_200' title='bbox 565 2983 735 3057; x_wconf 82' lang='lat' dir='ltr'>luce3</span> <span class='ocrx_word' id='word_1_201' title='bbox 774 2983 969 3038; x_wconf 88' lang='lat' dir='ltr'>minus</span> <span class='ocrx_word' id='word_1_202' title='bbox 1006 2980 1475 3056; x_wconf 83' lang='lat' dir='ltr'>intelligentibus</span> <span class='ocrx_word' id='word_1_203' title='bbox 1506 2988 1646 3038; x_wconf 88' lang='lat' dir='ltr'>sunt</span> <span class='ocrx_word' id='word_1_204' title='bbox 1680 2990 1881 3040; x_wconf 86' lang='lat' dir='ltr'>vestes</span> <span class='ocrx_word' id='word_1_205' title='bbox 1920 2981 2207 3040; x_wconf 89' lang='lat' dir='ltr'>candidae</span> <span class='ocrx_word' id='word_1_206' title='bbox 2238 2988 2297 3039; x_wconf 90' lang='lat' dir='ltr'>et</span> <span class='ocrx_word' id='word_1_207' title='bbox 2324 2979 2499 3039; x_wconf 86' lang='lat' dir='ltr'>albae</span> <span class='ocrx_word' id='word_1_208' title='bbox 2535 2979 2683 3038; x_wconf 88' lang='lat' dir='ltr'>abs-</span> 
     </span>
     <span class='ocr_line' id='line_1_27' title="bbox 567 3080 2682 3159; baseline 0 -20"><span class='ocrx_word' id='word_1_209' title='bbox 567 3099 682 3157; x_wconf 89' lang='lat' dir='ltr'>que</span> <span class='ocrx_word' id='word_1_210' title='bbox 742 3080 1095 3157; x_wconf 84' lang='lat' dir='ltr'>splendore3</span> <span class='ocrx_word' id='word_1_211' title='bbox 1155 3089 1214 3139; x_wconf 87' lang='lat' dir='ltr'>et</span> <span class='ocrx_word' id='word_1_212' title='bbox 1277 3081 1471 3140; x_wconf 89' lang='lat' dir='ltr'>adhuc</span> <span class='ocrx_word' id='word_1_213' title='bbox 1521 3084 1715 3140; x_wconf 88' lang='lat' dir='ltr'>minus</span> <span class='ocrx_word' id='word_1_214' title='bbox 1769 3082 2239 3159; x_wconf 88' lang='lat' dir='ltr'>intelligentibus</span> <span class='ocrx_word' id='word_1_215' title='bbox 2292 3089 2433 3140; x_wconf 90' lang='lat' dir='ltr'>sunt</span> <span class='ocrx_word' id='word_1_216' title='bbox 2477 3087 2682 3139; x_wconf 86' lang='lat' dir='ltr'>vestes</span> 
     </span>
     <span class='ocr_line' id='line_1_28' title="bbox 569 3182 2375 3257; baseline 0.001 -17"><span class='ocrx_word' id='word_1_217' title='bbox 569 3182 1055 3248; x_wconf 86' lang='lat' dir='ltr'>diversicolores:</span> <span class='ocrx_word' id='word_1_218' title='bbox 1112 3182 1330 3257; x_wconf 89' lang='lat' dir='ltr'>Angeli</span> <span class='ocrx_word' id='word_1_219' title='bbox 1371 3190 1566 3240; x_wconf 89' lang='lat' dir='ltr'>autem</span> <span class='ocrx_word' id='word_1_220' title='bbox 1603 3185 1792 3241; x_wconf 90' lang='lat' dir='ltr'>intimi</span> <span class='ocrx_word' id='word_1_221' title='bbox 1831 3183 2000 3242; x_wconf 89' lang='lat' dir='ltr'>Coeli</span> <span class='ocrx_word' id='word_1_222' title='bbox 2035 3190 2175 3241; x_wconf 87' lang='lat' dir='ltr'>sunt</span> <span class='ocrx_word' id='word_1_223' title='bbox 2216 3182 2375 3241; x_wconf 88' lang='lat' dir='ltr'>nudi.</span> 
     </span>
    </p>

    <p class='ocr_par' dir='ltr' id='par_1_8' title="bbox 563 3282 2692 3763">
     <span class='ocr_line' id='line_1_29' title="bbox 729 3282 2687 3360; baseline -0.001 -18"><span class='ocrx_word' id='word_1_224' title='bbox 729 3285 884 3342; x_wconf 84' lang='grc'><strong>179.</strong></span> <span class='ocrx_word' id='word_1_225' title='bbox 945 3282 1102 3359; x_wconf 83' lang='lat' dir='ltr'>Quia</span> <span class='ocrx_word' id='word_1_226' title='bbox 1143 3282 1364 3341; x_wconf 89' lang='lat' dir='ltr'>Vestes</span> <span class='ocrx_word' id='word_1_227' title='bbox 1405 3283 1773 3359; x_wconf 86' lang='lat' dir='ltr'>Angelorum</span> <span class='ocrx_word' id='word_1_228' title='bbox 1827 3283 2298 3359; x_wconf 88' lang='lat' dir='ltr'>correspondent</span> <span class='ocrx_word' id='word_1_229' title='bbox 2341 3283 2687 3360; x_wconf 87' lang='lat' dir='ltr'>intelligen-</span> 
     </span>
     <span class='ocr_line' id='line_1_30' title="bbox 568 3384 2683 3461; baseline -0.001 -17"><span class='ocrx_word' id='word_1_230' title='bbox 568 3387 689 3445; x_wconf 85' lang='lat' dir='ltr'>tiae</span> <span class='ocrx_word' id='word_1_231' title='bbox 725 3384 988 3458; x_wconf 90' lang='lat' dir='ltr'>illorum,</span> <span class='ocrx_word' id='word_1_232' title='bbox 1044 3385 1179 3443; x_wconf 92' lang='lat' dir='ltr'>ideo</span> <span class='ocrx_word' id='word_1_233' title='bbox 1222 3386 1405 3443; x_wconf 87' lang='lat' dir='ltr'>etiam</span> <span class='ocrx_word' id='word_1_234' title='bbox 1441 3384 1912 3461; x_wconf 89' lang='lat' dir='ltr'>correspondent</span> <span class='ocrx_word' id='word_1_235' title='bbox 1946 3403 2094 3443; x_wconf 86' lang='lat' dir='ltr'>vero</span> <span class='ocrx_word' id='word_1_236' title='bbox 2106 3430 2123 3459; x_wconf 89' lang='lat'>,</span> <span class='ocrx_word' id='word_1_237' title='bbox 2176 3388 2456 3461; x_wconf 89' lang='lat' dir='ltr'>quoniam</span> <span class='ocrx_word' id='word_1_238' title='bbox 2492 3386 2683 3444; x_wconf 87' lang='lat' dir='ltr'>omnis</span> 
     </span>
     <span class='ocr_line' id='line_1_31' title="bbox 563 3483 2689 3562; baseline -0.001 -18"><span class='ocrx_word' id='word_1_239' title='bbox 563 3486 957 3562; x_wconf 86' lang='lat' dir='ltr'>intelligentia</span> <span class='ocrx_word' id='word_1_240' title='bbox 994 3492 1087 3543; x_wconf 88' lang='lat' dir='ltr'>est</span> <span class='ocrx_word' id='word_1_241' title='bbox 1125 3503 1198 3544; x_wconf 83' lang='lat' dir='ltr'>ex</span> <span class='ocrx_word' id='word_1_242' title='bbox 1234 3485 1452 3543; x_wconf 87' lang='lat' dir='ltr'>Divino</span> <span class='ocrx_word' id='word_1_243' title='bbox 1490 3485 1688 3555; x_wconf 88' lang='lat' dir='ltr'>Vero,</span> <span class='ocrx_word' id='word_1_244' title='bbox 1745 3492 2115 3562; x_wconf 87' lang='lat' dir='ltr'>quapropter</span> <span class='ocrx_word' id='word_1_245' title='bbox 2156 3487 2286 3545; x_wconf 88' lang='lat' dir='ltr'>sive</span> <span class='ocrx_word' id='word_1_246' title='bbox 2326 3486 2489 3545; x_wconf 89' lang='lat' dir='ltr'>dicas</span> <span class='ocrx_word' id='word_1_247' title='bbox 2528 3483 2689 3561; x_wconf 89' lang='lat' dir='ltr'>quod</span> 
     </span>
     <span class='ocr_line' id='line_1_32' title="bbox 567 3583 2691 3663; baseline -0.001 -18"><span class='ocrx_word' id='word_1_248' title='bbox 567 3583 786 3663; x_wconf 88' lang='lat' dir='ltr'>Angeli</span> <span class='ocrx_word' id='word_1_249' title='bbox 831 3587 1018 3645; x_wconf 90' lang='lat' dir='ltr'>induti</span> <span class='ocrx_word' id='word_1_250' title='bbox 1064 3589 1183 3645; x_wconf 86' lang='lat' dir='ltr'>sint</span> <span class='ocrx_word' id='word_1_251' title='bbox 1234 3586 1563 3646; x_wconf 90' lang='lat' dir='ltr'>secundum</span> <span class='ocrx_word' id='word_1_252' title='bbox 1623 3587 2107 3663; x_wconf 88' lang='lat' dir='ltr'>intelligentiam,</span> <span class='ocrx_word' id='word_1_253' title='bbox 2175 3590 2304 3646; x_wconf 85' lang='lat' dir='ltr'>sive</span> <span class='ocrx_word' id='word_1_254' title='bbox 2358 3584 2691 3646; x_wconf 88' lang='lat' dir='ltr'>secundum</span> 
     </span>
     <span class='ocr_line' id='line_1_33' title="bbox 567 3682 2692 3763; baseline -0 -18"><span class='ocrx_word' id='word_1_255' title='bbox 567 3682 851 3746; x_wconf 76' lang='lat' dir='ltr'>Divinum</span> <span class='ocrx_word' id='word_1_256' title='bbox 889 3688 1134 3760; x_wconf 89' lang='lat' dir='ltr'>Verum,</span> <span class='ocrx_word' id='word_1_257' title='bbox 1172 3688 1330 3746; x_wconf 89' lang='lat' dir='ltr'>idem</span> <span class='ocrx_word' id='word_1_258' title='bbox 1360 3693 1481 3746; x_wconf 83' lang='lat' dir='ltr'>est:</span> <span class='ocrx_word' id='word_1_259' title='bbox 1523 3685 1683 3763; x_wconf 91' lang='lat' dir='ltr'>quod</span> <span class='ocrx_word' id='word_1_260' title='bbox 1716 3694 1920 3746; x_wconf 88' lang='lat' dir='ltr'>vestes</span> <span class='ocrx_word' id='word_1_261' title='bbox 1961 3687 2333 3763; x_wconf 85' lang='lat' dir='ltr'>quorundam</span> <span class='ocrx_word' id='word_1_262' title='bbox 2371 3690 2692 3747; x_wconf 87' lang='lat' dir='ltr'>coruscent</span> 
     </span>
    </p>
   </div>
   <div class='ocr_carea' id='block_1_7' title="bbox 591 3840 996 3852">
    <p class='ocr_par' dir='ltr' id='par_1_9' title="bbox 591 3840 996 3852">
     <span class='ocr_line' id='line_1_34' title="bbox 591 3840 996 3852; baseline 0 1262"><span class='ocrx_word' id='word_1_263' title='bbox 591 3840 996 3852; x_wconf 95' lang='lat' dir='ltr'> </span> 
     </span>
    </p>
   </div>
   <div class='ocr_carea' id='block_1_8' title="bbox 569 3919 2694 4145">
    <p class='ocr_par' dir='ltr' id='par_1_10' title="bbox 569 3919 2694 4145">
     <span class='ocr_line' id='line_1_35' title="bbox 569 3919 2693 3990; baseline -0.001 -18"><span class='ocrx_word' id='word_1_264' title='bbox 569 3920 845 3982; x_wconf 82' lang='lat' dir='ltr'>Jehovae‚</span> <span class='ocrx_word' id='word_1_265' title='bbox 888 3937 955 3970; x_wconf 83' lang='lat' dir='ltr'>n:</span> <span class='ocrx_word' id='word_1_266' title='bbox 1001 3926 1088 3978; x_wconf 86' lang='grc'>99.</span> <span class='ocrx_word' id='word_1_267' title='bbox 1120 3926 1249 3978; x_wconf 85' lang='grc'><strong>100.</strong></span> <span class='ocrx_word' id='word_1_268' title='bbox 1283 3925 1447 3978; x_wconf 82' lang='grc'><strong>1588.</strong></span> <span class='ocrx_word' id='word_1_269' title='bbox 1509 3919 1595 3973; x_wconf 90' lang='lat' dir='ltr'>De</span> <span class='ocrx_word' id='word_1_270' title='bbox 1627 3919 2005 3974; x_wconf 83' lang='lat' dir='ltr'>Paradisiacis</span> <span class='ocrx_word' id='word_1_271' title='bbox 2046 3921 2103 3973; x_wconf 88' lang='lat' dir='ltr'>in</span> <span class='ocrx_word' id='word_1_272' title='bbox 2149 3922 2331 3974; x_wconf 83' lang='lat' dir='ltr'>altera</span> <span class='ocrx_word' id='word_1_273' title='bbox 2358 3920 2476 3973; x_wconf 83' lang='lat' dir='ltr'>vita</span> <span class='ocrx_word' id='word_1_274' title='bbox 2517 3936 2693 3990; x_wconf 85' lang='lat' dir='ltr'>quam</span> 
     </span>
     <span class='ocr_line' id='line_1_36' title="bbox 569 3994 2690 4065; baseline 0.003 -11"><span class='ocrx_word' id='word_1_275' title='bbox 569 3994 899 4065; x_wconf 78' lang='lat' dir='ltr'>magnifica,</span> <span class='ocrx_word' id='word_1_276' title='bbox 954 4011 1020 4045; x_wconf 72' lang='lat' dir='ltr'>nt</span> <span class='ocrx_word' id='word_1_277' title='bbox 1078 4001 1243 4052; x_wconf 85' lang='grc'><strong>1122.</strong></span> <span class='ocrx_word' id='word_1_278' title='bbox 1302 4002 1468 4053; x_wconf 69' lang='grc'><strong>1622·</strong></span> <span class='ocrx_word' id='word_1_279' title='bbox 1510 4003 1679 4056; x_wconf 82' lang='grc'><strong>2296.</strong></span> <span class='ocrx_word' id='word_1_280' title='bbox 1730 4005 1896 4057; x_wconf 72' lang='grc'><strong>4528.</strong></span> <span class='ocrx_word' id='word_1_281' title='bbox 1953 4005 2125 4058; x_wconf 78' lang='grc'><strong>4529.</strong></span> <span class='ocrx_word' id='word_1_282' title='bbox 2208 3995 2371 4062; x_wconf 87' lang='lat' dir='ltr'>Quod</span> <span class='ocrx_word' id='word_1_283' title='bbox 2432 3997 2690 4048; x_wconf 79' lang='lat' dir='ltr'>Arbores</span> 
     </span>
     <span class='ocr_line' id='line_1_37' title="bbox 571 4069 2694 4145; baseline 0 -22"><span class='ocrx_word' id='word_1_284' title='bbox 571 4069 895 4142; x_wconf 81' lang='lat' dir='ltr'>significent</span> <span class='ocrx_word' id='word_1_285' title='bbox 948 4069 1354 4141; x_wconf 85' lang='lat' dir='ltr'>perceptiones</span> <span class='ocrx_word' id='word_1_286' title='bbox 1409 4082 1465 4123; x_wconf 83' lang='lat' dir='ltr'>et</span> <span class='ocrx_word' id='word_1_287' title='bbox 1521 4074 1903 4143; x_wconf 65' lang='lat' dir='ltr'>cognitiones),</span> <span class='ocrx_word' id='word_1_288' title='bbox 1949 4091 2017 4126; x_wconf 81' lang='lat' dir='ltr'>ex</span> <span class='ocrx_word' id='word_1_289' title='bbox 2059 4072 2273 4145; x_wconf 77' lang='lat' dir='ltr'>quibus</span> <span class='ocrx_word' id='word_1_290' title='bbox 2309 4071 2590 4142; x_wconf 78' lang='lat' dir='ltr'>sapientia</span> <span class='ocrx_word' id='word_1_291' title='bbox 2634 4080 2694 4124; x_wconf 78' lang='lat' dir='ltr'>et</span> 
     </span>
    </p>
   </div>
   <div class='ocr_carea' id='block_1_9' title="bbox 567 4144 2720 4293">
    <p class='ocr_par' dir='ltr' id='par_1_11' title="bbox 567 4144 2720 4293">
     <span class='ocr_line' id='line_1_38' title="bbox 570 4144 2720 4216; baseline 0.001 -12"><span class='ocrx_word' id='word_1_292' title='bbox 570 4144 983 4216; x_wconf 73' lang='lat' dir='ltr'>intelligentia,</span> <span class='ocrx_word' id='word_1_293' title='bbox 1047 4162 1113 4197; x_wconf 82' lang='lat' dir='ltr'>n:</span> <span class='ocrx_word' id='word_1_294' title='bbox 1173 4153 1302 4206; x_wconf 83' lang='lat'><strong>103.</strong></span> <span class='ocrx_word' id='word_1_295' title='bbox 1357 4154 1524 4206; x_wconf 78' lang='lat'><strong>2163·</strong></span> <span class='ocrx_word' id='word_1_296' title='bbox 1581 4157 1751 4209; x_wconf 81' lang='grc'><strong>2682.</strong></span> <span class='ocrx_word' id='word_1_297' title='bbox 1800 4157 1971 4209; x_wconf 91' lang='grc'><strong>2722.</strong></span> <span class='ocrx_word' id='word_1_298' title='bbox 2028 4158 2198 4210; x_wconf 83' lang='grc'><strong>2972.</strong></span> <span class='ocrx_word' id='word_1_299' title='bbox 2256 4157 2426 4209; x_wconf 82' lang='grc'><strong>7692.</strong></span> <span class='ocrx_word' id='word_1_300' title='bbox 2520 4146 2720 4212; x_wconf 63' lang='lat' dir='ltr'>Quod,</span> 
     </span>
     <span class='ocr_line' id='line_1_39' title="bbox 567 4219 2687 4293; baseline 0.004 -20"><span class='ocrx_word' id='word_1_301' title='bbox 567 4221 791 4275; x_wconf 82' lang='lat' dir='ltr'>fructus</span> <span class='ocrx_word' id='word_1_302' title='bbox 833 4219 1158 4293; x_wconf 79' lang='lat' dir='ltr'>significent</span> <span class='ocrx_word' id='word_1_303' title='bbox 1198 4221 1352 4275; x_wconf 88' lang='lat' dir='ltr'>bona</span> <span class='ocrx_word' id='word_1_304' title='bbox 1393 4224 1610 4276; x_wconf 82' lang='lat' dir='ltr'>amoris</span> <span class='ocrx_word' id='word_1_305' title='bbox 1653 4236 1709 4278; x_wconf 85' lang='lat' dir='ltr'>et</span> <span class='ocrx_word' id='word_1_306' title='bbox 1762 4226 2094 4291; x_wconf 76' lang='lat' dir='ltr'>charitati8‚</span> <span class='ocrx_word' id='word_1_307' title='bbox 2163 4244 2233 4278; x_wconf 76' lang='lat' dir='ltr'>n:</span> <span class='ocrx_word' id='word_1_308' title='bbox 2288 4233 2457 4287; x_wconf 81' lang='lat'><strong>3146.</strong></span> <span class='ocrx_word' id='word_1_309' title='bbox 2514 4232 2687 4285; x_wconf 82' lang='lat'><strong>7690.</strong></span> 
     </span>
    </p>
   </div>
   <div class='ocr_carea' id='block_1_10' title="bbox 572 4305 737 4359">
    <p class='ocr_par' dir='ltr' id='par_1_12' title="bbox 572 4305 737 4359">
     <span class='ocr_line' id='line_1_40' title="bbox 572 4305 737 4359; baseline -0.018 0"><span class='ocrx_word' id='word_1_310' title='bbox 572 4305 737 4359; x_wconf 77' lang='lat'>9337·</span> 
     </span>
    </p>
   </div>
  </div>
 </body>
</html>
