3013 5114
556 446 667 499 128
1166 433 1262 488 DE
1305 431 1542 488 COELO
1585 431 1681 487 ET
1719 429 2056 493 INFERNO.

554 595 919 674 spondentes
981 593 1424 668 affectionibus,
1496 600 1561 652 et
1588 595 2151 668 ,repraesentantes
2204 587 2454 665 similia,
2521 607 2678 667 quae

550 698 790 758 illorum
832 711 1047 757 voces:
1102 703 1196 753 est
1229 693 1474 771 loquela
1506 711 1619 771 per
1667 693 2003 751 communia
2046 690 2424 749 affectionum
2474 698 2536 751 et
2569 709 2683 769 per

554 799 890 859 communia
924 797 1378 871 cogitationum:
1435 802 1528 853 est
1560 792 1803 869 loquela
1830 798 2074 851 tonans:
2127 796 2372 868 praeter
2401 790 2574 852 alias·

713 899 875 957 245.
926 896 1200 972 Loquela
1234 898 1553 972 spirituum
1581 893 1873 952 malorum
1908 899 1970 952 et
2003 890 2411 966 infernalium,
2464 899 2558 952 est
2591 894 2681 952 si-

558 1000 780 1059 militer
824 997 1116 1055 naturalis
1155 1000 1297 1073 quia
1345 1013 1418 1055 ex
1469 993 1911 1067 affectionibus,
1981 993 2091 1052 sed
2140 1010 2216 1051 ex
2266 992 2683 1054 affectionibus

557 1100 759 1173 maIiS,
815 1105 875 1157 et
908 1098 1044 1156 inde
1078 1096 1230 1156 ideis
1258 1098 1525 1174 spurciS,
1564 1111 1713 1171 quas
1750 1110 2003 1170 prorsus
2035 1100 2391 1153 aversantur
2426 1094 2679 1172 Angeli5

562 1207 702 1260 sunt
737 1198 1017 1274 loquelae
1052 1198 1267 1256 inferni
1302 1198 1389 1254 sic
1430 1198 1746 1273 oppositae
1781 1194 2039 1271 loquelis
2077 1194 2257 1268 coeli3
2312 1202 2684 1271 quapropter

559 1301 703 1360 mali
738 1317 853 1358 non
887 1300 1190 1357 sustinent
1222 1296 1522 1380 loquelam
1562 1295 1927 1372 angelicam,
1968 1302 2028 1353 et
2062 1294 2281 1370 Angeli
2314 1313 2433 1354 non
2462 1296 2681 1372 loque-

561 1402 682 1461 lam
716 1399 1102 1474 infernalem,
1155 1396 1398 1473 loquela
1432 1396 1741 1456 infernalis
1780 1402 1873 1455 est
1909 1395 2140 1472 angelis
2175 1397 2330 1455 sicut
2365 1396 2512 1455 odor
2546 1414 2682 1455 ma-

561 1503 658 1561 lus
696 1503 796 1577 qui
832 1500 966 1558 ferit
1000 1514 1195 1557 nares.
1255 1497 1530 1574 Loquela
1562 1497 2027 1574 hypocritarum,
2065 1498 2168 1572 qui
2193 1503 2333 1555 sunt
2371 1498 2471 1573 qui
2505 1514 2680 1556 men-

558 1604 656 1661 tiri
694 1606 949 1676 possunt
982 1599 1134 1658 lucis
1174 1598 1457 1675 angeIOS,
1510 1598 1708 1674 quoad
1755 1613 1934 1657 voces
1985 1596 2198 1656 similis
2252 1604 2347 1657 est
2396 1597 2680 1674 loquelae

560 1702 941 1779 angelorum,
1004 1699 1113 1758 sed
1156 1698 1354 1775 quoad
1390 1698 1735 1759 affectiones
1782 1704 1841 1756 et
1891 1697 2030 1757 iude
2077 1697 2247 1757 ideas
2302 1700 2682 1776 cogitationis

557 1818 808 1882 prorsus
845 1803 1153 1877 opposita,
1205 1806 1575 1877 quapropter
1609 1798 1852 1876 loquela
1887 1816 2127 1869 eorum,
2178 1817 2313 1858 cum
2353 1799 2683 1876 percipit-ur

565 1903 760 1980 qualis
796 1904 956 1961 intus
994 1908 1114 1974 est,
1155 1900 1315 1977 quod
1347 1900 1413 1959 fit
1448 1900 1524 1958 ab
1552 1900 1801 1976 Angelis
1832 1899 2223 1977 sapientibuS,
2261 1900 2498 1960 auditur
2524 1902 2685 1960 sicut

558 2003 778 2063 stridor
813 2002 1106 2078 dentium,
1157 2007 1220 2061 et
1254 2003 1468 2061 incutit
1502 2001 1826 2060 horrorem.
1855 1998 1860 2003 ’

695 2173 820 2241 De
873 2167 1275 2265 Loquela
1326 2167 1880 2266 Angelorum
1933 2193 2123 2239 cum
2175 2168 2551 2240 homine.

718 2305 882 2362 246.
937 2301 1182 2378 Angeli,
1224 2305 1323 2378 qui
1356 2303 1684 2379 loquuntur
1720 2320 1856 2363 cum
1889 2303 2157 2378 homine,
2196 2321 2316 2363 non
2355 2304 2685 2380 loquuntur

442 2423 446 2427 ’
559 2408 624 2466 in
661 2422 773 2464 sua
805 2404 1036 2480 lingua,
1092 2402 1202 2462 sed
1238 2406 1298 2462 in
1332 2404 1540 2480 lingua
1580 2404 1859 2479 hominis,
1911 2411 1972 2463 et
2013 2421 2250 2481 quoque
2285 2407 2348 2463 in
2383 2405 2518 2464 aliis
2560 2403 2681 2463 lin·

559 2508 693 2587 guis
733 2521 882 2582 quas
929 2504 1106 2565 homo
1155 2505 1363 2580 callet,
1422 2522 1543 2565 non
1581 2511 1783 2564 autem
1826 2506 1886 2564 in
1921 2505 2141 2582 linguis
2177 2505 2400 2565 homini
2432 2506 2685 2582 ignotis:

562 2625 750 2669 causa
780 2607 941 2684 quod
973 2609 1059 2665 ita
1093 2609 1198 2681 sit,
1256 2614 1348 2666 est
1388 2609 1528 2683 quia
1563 2606 1810 2683 Angeli,
1865 2623 1998 2665 cum
2034 2606 2359 2683 loquuntur
2395 2624 2530 2666 cum
2567 2606 2685 2665 ho-

563 2712 756 2779 mine,
804 2714 1042 2767 vertunt
1076 2722 1144 2766 se
1185 2707 1262 2765 ad
1308 2706 1509 2782 illum,
1566 2715 1625 2767 et
1661 2707 2029 2785 conjungunt
2063 2723 2131 2766 se
2164 2707 2282 2779 illi,
2332 2714 2392 2766 et
2426 2698 2688 2785 conjunss

566 2812 685 2870 ctio
738 2808 938 2885 angeli
989 2824 1123 2866 cum
1171 2806 1410 2866 homine
1461 2808 1633 2881 facit,
1691 2815 1759 2865 ut
1794 2814 2045 2883 uterque
2097 2807 2274 2866 simili
2322 2810 2686 2885 cogitatione

563 2912 670 2985 sit3
727 2915 787 2967 et
823 2910 963 2984 quia
989 2907 1242 2966 hominis
1280 2909 1562 2985 cogitatio
1607 2907 1890 2967 cohaeret
1926 2926 2064 2968 cum
2100 2909 2231 2986 ejus
2268 2911 2586 2980 memoria,
2623 2915 2687 2971 et

561 3009 700 3069 inde
735 3008 865 3066 fluit
907 3006 1182 3084 loquela,
1242 3007 1377 3066 ideo
1412 3014 1666 3084 uterque
1704 3015 1798 3068 est
1844 3011 1907 3068 in
1954 3010 2166 3069 eadem
2207 3009 2445 3088 lingua:
2498 3027 2686 3088 prae-

566 3117 736 3169 terea
770 3108 1040 3184 Angelus
1086 3115 1191 3166 aut
1241 3107 1530 3185 SpirituS,
1585 3126 1721 3169 cum
1757 3112 1924 3170 venit
1957 3110 2034 3168 ad
2079 3109 2406 3185 hominem,
2462 3118 2523 3170 et
2572 3129 2689 3188 per

564 3211 1017 3270 conversionem
1056 3209 1134 3267 ad
1176 3209 1344 3268 illum
1390 3211 1771 3288 conjungitur
1811 3212 1898 3285 ei,
1965 3214 2131 3270 venit
2168 3215 2231 3271 in
2275 3229 2510 3271 omnem
2551 3213 2687 3291 ejus

561 3312 938 3381 memoriam,
988 3312 1052 3369 in
1088 3317 1319 3369 tantum
1358 3317 1425 3369 ut
1471 3312 1572 3371 vix
1615 3312 1791 3370 aliter
1835 3313 2014 3387 sciat,
2073 3330 2252 3388 quam
2294 3312 2455 3389 quod
2504 3332 2580 3373 ex
2613 3329 2686 3373 se

563 3415 717 3473 sciat
754 3428 908 3489 quae
943 3411 1119 3471 homo
1155 3413 1301 3487 scit,
1355 3415 1441 3471 ita
1487 3428 1726 3489 quoque
1770 3411 2029 3488 linguas,
2111 3412 2261 3473 Cum
2308 3413 2560 3490 Angelis
2605 3411 2685 3473 de

561 3514 675 3573 hac
728 3530 793 3573 re
840 3512 1125 3588 loquutus
1174 3530 1343 3587 sum,
1397 3518 1458 3573 et
1506 3512 1661 3582 dixi,
1715 3512 1875 3588 quod
1926 3512 2078 3573 forte
2127 3519 2469 3586 autument,
2523 3512 2688 3590 quod

559 3614 648 3672 illi
689 3614 1012 3689 loquantur
1057 3632 1292 3675 mecum
1341 3614 1668 3674 vernacula
1712 3630 1876 3688 mea,
1935 3616 2077 3689 quia
2114 3617 2200 3673 ita
2251 3616 2686 3693 appercipitur,

561 3730 700 3773 cum
733 3720 934 3773 tamen
976 3714 1065 3776 illi
1102 3733 1221 3775 non
1255 3719 1374 3777 sint
1409 3717 1512 3791 qui
1544 3713 1902 3791 loquuntur,
1951 3715 2062 3774 sed
2097 3732 2241 3792 eg03
2281 3722 2343 3774 et
2379 3715 2540 3791 quod
2565 3714 2684 3775 hoc

563 3822 842 3874 constare
879 3818 1074 3890 possit
1110 3834 1186 3875 ex
1228 3834 1336 3887 eo,
1396 3815 1558 3892 quod
1591 3814 1810 3891 Angeli
1845 3831 1962 3873 non
1995 3817 2231 3891 possint
2267 3815 2469 3892 eloqui
2502 3832 2689 3876 unam

559 3930 773 3974 vocem
810 3914 1053 3991 linguae
1085 3916 1403 3986 humanae,
1437 3933 1505 3975 n:
1550 3917 1685 3975 237
1707 3934 1726 3991 3
1765 3919 1825 3975 et
1849 3922 2168 3992 praeterea
2192 3916 2399 3993 lingua
2423 3915 2691 3976 humana

563 4020 660 4074 est
695 4014 988 4072 naturalis
999 4057 1017 4087 ,
1082 4022 1144 4075 et
1179 4015 1268 4075 illi
1315 4022 1456 4074 sunt
1497 4016 1873 4091 spirituales,
1934 4023 1995 4078 et
2028 4017 2376 4094 spirituales
2410 4034 2531 4077 non
2566 4016 2686 4075 ali-

563 4114 708 4192 quid
753 4113 1106 4173 naturaliter
1158 4115 1426 4194 proferre
1474 4123 1762 4193 possunt:
1835 4115 1914 4176 ad
1965 4117 2118 4177 haec
2165 4117 2476 4189 dixerunt,
2527 4116 2691 4194 quod

559 4217 757 4276 sciant
791 4213 953 4291 quod
979 4216 1315 4293 conjunctio
1345 4234 1549 4276 eorum
1579 4235 1712 4276 cum
1738 4217 1995 4291 homine,
2024 4237 2161 4278 cum
2187 4236 2304 4296 quo
2339 4218 2687 4296 loquuntur,

557 4318 638 4376 sit
692 4335 829 4378 cum
883 4317 1242 4394 cogitatione
1288 4317 1420 4395 ejus
1476 4318 1807 4395 spirituali,
1875 4317 1986 4380 sed
2033 4321 2176 4399 quia
2221 4319 2328 4381 illa
2381 4319 2575 4380 influit
2626 4321 2693 4379 in
