3013 5114
603 422 710 471 1:30
1209 405 1304 460 DE
1344 404 1579 460 COELO
1621 402 1714 458 ΕΤ
1753 402 2084 458 INFERNO.

599 572 880 647 linguam,
920 575 978 628 et
1014 567 1177 626 illam
1211 566 1427 626 leviter
1462 565 1675 636 vibret,
1721 564 1831 624 sed
1866 581 1981 623 non
2011 581 2145 624 eum
2183 563 2388 640 aliqua
2422 565 2699 637 motione,

601 674 756 731 sicut
805 688 937 729 cum
974 687 1085 745 per
1129 667 1294 726 illam
1339 666 1688 726 articulatur
1742 681 1925 725 sonus
1981 665 2259 741 loquelae
2306 666 2369 723 in
2408 682 2589 725 voces
2626 665 2703 725 ab

596 776 729 852 ipso
763 772 1022 830 homine.

755 875 918 931 249.
984 869 1107 930 Sed
1138 868 1304 945 loqui
1340 885 1473 927 cum
1509 867 1815 944 spiritibus
1852 865 2029 925 hodie
2066 883 2203 925 raro
2241 866 2448 942 datur,
2504 884 2700 943 quon-

598 979 717 1033 iam
768 971 1171 1050 periculosum
1210 975 1303 1028 est
1343 965 1469 1049 (rr),
1528 975 1670 1027 tunc
1719 970 1874 1026 enim
1933 969 2130 1025 sciunt
2183 967 2474 1044 SpirituS‚
2545 968 2705 1044 quod

600 1074 761 1150 apud
800 1074 1094 1131 hominem
1132 1072 1277 1142 sint,
1337 1069 1497 1145 quod
1537 1069 1797 1144 alioquin
1835 1085 1950 1126 non
1987 1069 2214 1144 sciunt3
2272 1085 2341 1126 ae
2382 1069 2525 1127 mali
2561 1067 2706 1146 Spi—

598 1177 746 1234 ritus
801 1174 956 1233 tales
1005 1178 1171 1245 sunt,
1233 1176 1301 1227 ut
1350 1169 1484 1228 odio
1532 1171 1898 1227 interneciuo
1947 1168 2214 1226 habeant
2263 1169 2591 1240 hominem,
2642 1175 2705 1229 et

599 1275 743 1333 nihil
770 1274 908 1351 plus
936 1276 1182 1348 cupiant
1210 1288 1385 1345 quam
1414 1270 1668 1345 perdere
1699 1269 1866 1327 illum
1902 1269 2099 1344 quoad
2127 1272 2383 1327 animam
2409 1276 2469 1329 et
2504 1269 2705 1346 quoad

599 1392 849 1452 corpuS,
921 1373 1079 1448 quod
1146 1375 1323 1431 etiam
1372 1370 1438 1427 fit
1491 1370 1653 1445 apud
1696 1369 1832 1428 illos
1883 1371 1984 1444 qui
2027 1370 2278 1428 multum
2328 1369 2705 1430 indulserunt

597 1476 946 1553 phantasiiS‚
992 1489 1187 1549 usque
1224 1477 1288 1528 ut
1314 1472 1677 1529 removerint
1714 1487 1750 1527 a
1785 1486 1850 1528 se
1880 1470 2151 1547 jucunda
2191 1471 2450 1529 naturali
2478 1470 2705 1531 homini

597 1577 1025 1653 convenientia.
1127 1571 1333 1647 Aliqui
1399 1574 1614 1635 etiarn,
1704 1572 1805 1646 qui
1868 1570 2196 1629 solitariam
2259 1574 2443 1631 vitam
2499 1577 2702 1648 agunt,

598 1675 956 1753 quandoque
1010 1672 1261 1731 audiunt
1320 1674 1569 1748 spiritus
1623 1687 1830 1730 secum
1894 1671 2250 1747 loquente8‚
2342 1678 2403 1732 et
2465 1672 2700 1748 absque

594 1775 893 1854 periou103
966 1774 1075 1833 sed
1111 1775 1355 1848 spiritus
1398 1772 1561 1848 apud
1607 1771 1741 1830 illos
1790 1790 1901 1848 per
1951 1773 2269 1831 intervalla
2315 1760 2703 1832 removentur

595 1895 633 1936 a
675 1878 954 1944 Domino,
1001 1892 1075 1933 ne
1116 1877 1307 1932 sciant
1334 1873 1495 1950 quod
1531 1873 1692 1948 apud
1728 1873 2021 1931 hominem
2060 1876 2177 1931 sint
2191 1893 2207 1947 3
2261 1891 2397 1932 nam
2426 1873 2703 1950 plerique

596 1980 846 2055 spiritus
888 1993 1008 2035 non
1042 1980 1285 2048 norunt,
1354 1973 1513 2049 quod
1550 1973 1702 2031 alius
1739 1974 1994 2032 mundus
2046 1973 2219 2033 detur
2261 1992 2437 2051 quam
2480 1975 2541 2032 in
2580 1990 2703 2051 quo

595 2078 712 2152 illi,
763 2079 847 2134 ita
879 2093 1115 2158 quoque
1147 2075 1304 2151 quod
1339 2091 1456 2132 non
1487 2073 1629 2131 alibi
1664 2074 1933 2132 homines
1945 2093 1961 2149 3
2017 2082 2384 2151 quapropter
2418 2075 2707 2135 nonlicet

593 2179 815 2235 homini
861 2193 996 2234 eum
1049 2176 1168 2233 illis
1213 2176 1476 2233 vicissim
1512 2173 1709 2248 loqui,
1772 2192 1909 2233 nam
1943 2178 1996 2235 si
2030 2174 2406 2252 loqueretur,
2463 2178 2703 2236 scirent.

594 2275 711 2354 Qui
746 2275 995 2334 multum
1036 2274 1109 2333 de
1146 2273 1441 2350 religiosis
1479 2274 1766 2349 cogitant,
1840 2281 1901 2333 et
1934 2276 2249 2335 inhaerent
2295 2277 2452 2348 illis,
2507 2294 2703 2353 usque

592 2384 659 2436 ut
702 2377 876 2454 quasi
916 2375 1159 2435 videant
1203 2375 1307 2432 illa
1352 2377 1513 2432 intus
1547 2375 1609 2431 in
1658 2391 1759 2448 se,
1826 2378 2005 2435 etiam
2055 2378 2299 2452 spiritus
2347 2394 2554 2437 seeum
2602 2376 2700 2436 lo-

595 2485 846 2554 quentes
896 2477 1105 2535 audire
1163 2477 1483 2552 incipiunt3
1558 2491 1694 2532 nam
1741 2476 2041 2554 religiosa,
2093 2495 2487 2555 quaecunque
2537 2482 2700 2553 sunt,

595 2580 831 2657 quando
877 2579 1054 2638 homo
1090 2579 1207 2637 illis
1246 2595 1317 2636 ex
1364 2594 1431 2636 se
1466 2576 1767 2652 inhaeret,
1819 2595 1930 2638 nec
1965 2580 2290 2655 interpolat
2324 2582 2506 2639 variis
2545 2596 2704 2657 quae

592 2698 738 2740 usus
775 2686 916 2740 sunt
952 2682 1014 2738 in
1062 2679 1310 2752 mundo,
1360 2680 1611 2737 interius
1654 2679 1919 2749 vadunt,
1979 2696 2050 2739 ac
2096 2680 2180 2738 ibi
2218 2681 2586 2755 subsistunt,
2629 2685 2703 2740 *et

594 2787 787 2840 totum
841 2779 1096 2856 hominis
1161 2781 1433 2855 spiritum
1497 2787 1825 2856 occupant,
1904 2797 1976 2839 ae
2041 2784 2263 2839 intrant
2325 2780 2705 2859 spiritualem

593 2880 895 2954 mundum,
954 2886 1017 2938 et
1045 2885 1288 2940 movent
1325 2881 1571 2955 spiritus
1610 2881 1711 2955 qui
1751 2880 1833 2938 ibi
1846 2900 1862 2954 3
1913 2880 2024 2939 sed
2060 2882 2214 2940 tales
2255 2889 2397 2941 sunt
2430 2883 2701 2941 visiona-

592 2982 665 3038 rii
701 2985 761 3038 et
796 2979 1224 3050 enthusiastae,
1266 2984 1328 3036 et
1364 2995 1778 3058 quemcunque
1817 2984 2090 3059 spiritum
2121 2982 2397 3058 audiunt,
2450 2982 2705 3043 credunt

594 3096 730 3140 esse
779 3080 1052 3156 spiritum
1097 3085 1403 3151 sanetum,
1476 3096 1611 3137 cum
1658 3086 1860 3140 tamen
1907 3090 2045 3142 sunt
2092 3086 2339 3160 spiritus
2389 3083 2702 3143 enthusia-

596 3181 763 3257 stiei3
820 3179 920 3256 qui
960 3179 1113 3238 tales
1157 3185 1326 3252 sunt,
1382 3179 1588 3239 vident
1618 3180 1772 3239 falsa
1808 3184 1962 3242 sieut
2000 3201 2174 3258 vera,
2224 3192 2283 3244 et
2320 3186 2461 3260 quia
2493 3184 2702 3245 vident

593 3281 700 3341 illa
746 3279 1118 3358 persuadent
1165 3280 1309 3353 sibi,
1385 3285 1445 3338 et
1494 3297 1733 3357 quoque
1781 3283 2151 3360 persuadent
2185 3285 2303 3343 illis
2345 3285 2507 3363 apud
2547 3301 2700 3362 quos

592 3383 844 3444 influunt
858 3401 873 3458 3
959 3387 1020 3440 et
1069 3384 1208 3457 quia
1265 3380 1352 3439 illi
1405 3382 1649 3457 spiritus
1711 3385 1889 3444 etiam
1946 3392 2275 3461 caeperunt
2327 3386 2700 3464 persuadere

592 3484 781 3558 mala,
853 3482 1067 3560 quibus
1125 3484 1302 3541 etiam
1348 3481 1652 3540 obeditum
1703 3490 1826 3558 est,
1878 3484 2016 3543 ideo
2052 3504 2162 3561 per
2211 3486 2435 3563 gradus
2489 3488 2706 3546 remoti

593 3591 763 3644 sunt:
820 3585 1065 3663 spiritus
1121 3583 1535 3644 enthusiastiei
1586 3583 1662 3642 ab
1710 3583 1844 3644 aliis
1893 3586 2203 3664 spiritibus
2252 3587 2703 3666 distinguuntur

745 3854 861 3918 (rr)
928 3852 1097 3928 Quod
1140 3855 1313 3907 homo
1353 3854 1516 3925 loqui
1571 3854 1758 3925 possit
1808 3872 1938 3907 cum
1993 3854 2298 3926 spiritibus
2350 3864 2409 3908 et
2443 3847 2699 3926 angelis,

593 3938 649 3981 et
688 3928 845 3999 quod
886 3928 1109 3999 antiqui
1151 3927 1493 4001 frequenter
1534 3947 1664 3982 cum
1708 3931 1826 3984 iliis
1879 3932 2105 4001 loquuti
2151 3929 2297 3996 sint,
2358 3948 2426 3982 nx
2473 3938 2562 3990 67.
2607 3937 2702 3990 68.

592 4012 684 4065 69.
729 4009 859 4064 784.
910 4011 1076 4064 1634.
1123 4012 1290 4063 1636-
1337 4012 1502 4064 7802.
1586 4005 1752 4071 Quod
1809 4007 1869 4059 in
1917 4006 2210 4079 aliquibus
2252 4006 2562 4060 telluribus
2602 4024 2703 4078 ap-

587 4088 832 4150 pareant
868 4078 1055 4150 angeli
1099 4088 1156 4132 et
1196 4079 1435 4150 spiritus
1477 4079 1537 4131 in
1578 4081 1766 4135 forma
1807 4085 2072 4145 humana,
2117 4093 2173 4137 et
2215 4083 2528 4155 loquantur
2568 4099 2703 4135 cum

590 4154 736 4220 illis,
778 4171 847 4207 n:
891 4161 1096 4214 10751.
1140 4162 1348 4214 10752.
1429 4154 1545 4208 Sed
1587 4157 1746 4229 quod
1787 4158 1846 4209 in
1889 4160 1991 4211 hac
2033 4161 2269 4212 Tellure
2318 4158 2491 4212 hodie
2545 4157 2701 4229 peri-

589 4231 850 4285 culosum
893 4230 967 4284 sit
1006 4230 1167 4302 loqui
1209 4248 1339 4283 cum
1380 4231 1716 4302 spiritibus,
1772 4234 1884 4287 nisi
1927 4235 2102 4287 horno
2144 4235 2205 4287 in
2241 4251 2384 4288 vera
2432 4233 2548 4287 fide
2603 4233 2700 4297 sit,

590 4316 647 4362 et
687 4305 930 4362 ducatur
968 4322 1000 4359 a
1040 4305 1322 4372 Domino,
1378 4323 1445 4359 n:
1491 4314 1621 4371 784.
1667 4315 1838 4372 9438.
1882 4317 2091 4373 10751,
