3013 5114
566 452 676 508 114
1176 441 1272 496 DE
1316 441 1550 496 COELO
1593 440 1686 494 ΕΤ
1724 439 2060 496 INFERNO.

563 605 836 683 abyssu-s·
874 603 1181 680 mayna‚“
1231 599 1465 658 Psalm:
1506 598 1820 660 XXXVI:
1870 601 1927 657 6.
1969 601 2000 656 7
2014 644 2026 657 .
2087 596 2547 676 „Inter-royant
2593 595 2702 657 Me

565 701 815 763 Jumcm
887 702 1242 775 JUSTITIAE,
1325 699 1996 778 appropinquationem
2054 697 2196 759 Dei
2257 697 2700 774 desiderent,“

566 804 746 881 Esaj:
784 802 1016 862 LVIII:
1061 805 1096 860 2
1118 822 1134 877 3
1194 808 1253 860 et
1290 801 1451 859 alibi.

726 924 810 981 21
832 928 886 981 7.
925 921 996 981 In
1023 920 1233 997 Regno
1272 920 1569 997 spirituali
1597 921 1838 978 Domini
1869 922 2073 978 variae
2099 920 2432 996 Regiminis
2469 919 2702 979 formae

570 1032 739 1098 suut,
795 1026 857 1080 in
896 1040 1014 1080 una
1052 1021 1354 1081 Societate
1398 1039 1519 1078 non
1569 1021 1780 1079 similis
1827 1028 1894 1078 ut
1929 1023 1988 1078 in
2028 1021 2246 1089 altera,
2300 1022 2561 1078 varietas
2603 1027 2701 1080 est

571 1124 898 1184 secundum
935 1124 1262 1180 ministeria
1305 1139 1459 1197 quae
1499 1121 1832 1181 societates
1877 1122 2131 1180 obeunt:
2187 1131 2326 1179 sunt
2363 1102 2697 1181 ministeria

567 1226 808 1284 illarum
845 1224 1176 1283 secundum
1213 1225 1539 1281 ministeria
1582 1225 1842 1280 omnium
1876 1225 1936 1279 in
1973 1222 2239 1292 homine,
2299 1220 2519 1296 quibus
2560 1239 2699 1280 cor-

570 1325 970 1402 respondent,
1029 1341 1186 1399 quae
1247 1323 1406 1397 quod
1456 1326 1624 1382 varia
1674 1325 1820 1396 sint,
1883 1329 2090 1380 notum
2144 1328 2267 1396 est3
2324 1321 2487 1379 aliud
2544 1325 2703 1383 enim

571 1427 958 1484 ministerium
1000 1431 1092 1483 est
1145 1421 1352 1494 Cordi,
1434 1423 1596 1481 alind
1644 1423 1946 1498 Pulmoni,
2016 1422 2179 1481 aliud
2226 1422 2479 1499 Hepati,
2537 1422 2704 1481 aliud

571 1528 891 1585 Pancreati
929 1531 989 1582 et
1023 1525 1223 1598 Lieni,
1293 1531 1352 1582 et
1393 1523 1557 1582 alind
1594 1542 1829 1601 quoque
1877 1526 2065 1583 cuivis
2113 1522 2356 1599 Organo
2393 1526 2699 1600 sensorio;

572 1629 728 1685 sicut
762 1628 964 1683 variae
1001 1626 1215 1683 horum
1243 1625 1787 1684 administrationes
1826 1631 1964 1682 sunt
2000 1627 2060 1682 in
2094 1622 2392 1700 Corpore,
2428 1627 2513 1682 ita
2547 1641 2702 1700 quo-

573 1745 690 1804 que
730 1728 934 1784 variae
984 1726 1530 1786 administrationes
1580 1733 1719 1784 sunt
1756 1725 2124 1785 Societatum
2175 1726 2230 1783 in
2268 1725 2526 1783 Maximo
2563 1725 2695 1785 Ho-

570 1831 763 1901 mine,
817 1830 1047 1912 qui-ost
1086 1825 1360 1901 Coelum,
1425 1813 1564 1885 nam
1617 1825 1953 1886 Societates
2003 1833 2144 1884 sunt
2191 1842 2344 1902 quae
2380 1825 2499 1884 illis
2557 1842 2694 1884 cor·-

571 1928 956 2005 respondent.
1035 1927 1212 2004 Quod
1275 1927 1823 2005 Correspondentia
1881 1929 2139 1986 omnium
2196 1926 2362 1985 Coeli
2426 1927 2503 1984 sit
2567 1942 2704 1984 cum

575 2030 848 2090 omnibus
884 2029 1172 2098 hominiS,
1238 2029 1515 2087 videatur
1561 2031 1622 2087 in
1667 2045 1778 2087 suo
1827 2027 2098 2087 Articulo
2150 2044 2334 2102 supra
2383 2045 2451 2084 n:
2500 2030 2582 2086 87
2624 2027 2703 2085 ad

581 2134 741 2188 102.
817 2129 939 2188 Sed
977 2146 1180 2187 omnes
1230 2129 1456 2188 formae
1492 2130 1819 2205 Regiminis
1868 2131 1928 2186 in
1976 2147 2046 2187 eo
2087 2129 2478 2198 conveniunt,
2539 2127 2701 2204 quod

575 2237 850 2306 spectent
893 2229 1112 2286 bonum
1156 2229 1466 2304 publicum
1518 2236 1587 2287 ut
1620 2230 1828 2302 finem,
1886 2237 1945 2288 et
1978 2232 2039 2287 in
2076 2229 2179 2288 illo
2215 2229 2451 2287 Bonum
2489 2229 2699 2306 cujus-

572 2333 662 2388 vis
693 2326 812 2409 (y);
868 2336 927 2387 et
963 2312 1075 2388 hoc
1111 2328 1205 2402 fit,
1248 2332 1387 2406 quia
1424 2347 1631 2389 omnes
1669 2332 1727 2388 in
1763 2333 2046 2389 universo
2096 2330 2281 2389 Coelo
2319 2330 2431 2388 sub
2467 2329 2700 2406 Auspi-

571 2434 663 2489 cio
699 2432 943 2489 Domini
977 2437 1143 2505 sunt,
1202 2434 1304 2506 qui
1340 2438 1497 2489 amat
1535 2448 1772 2501 omnem
1810 2438 1871 2490 et
1906 2449 1979 2490 ex
2014 2431 2238 2490 Divino
2273 2430 2496 2489 Amore
2535 2431 2699 2490 ordi-

572 2539 676 2593 nat
729 2538 792 2591 ut
848 2530 1171 2592 Commune
1234 2533 1454 2592 bonum
1517 2534 1593 2591 sit
1654 2550 1729 2592 ex
1791 2549 1906 2608 quo
1964 2533 2185 2611 singuli
2240 2549 2417 2591 sunm
2476 2531 2699 2591 bonum

572 2636 895 2710 accipiant,
936 2637 1189 2712 quisque
1229 2638 1407 2694 etiam
1449 2616 1667 2710 accipit
1704 2635 1923 2693 bonum
1960 2636 2117 2693 sicut
2152 2640 2313 2692 amat
2352 2631 2701 2707 commune;

573 2753 710 2793 nam
748 2742 1059 2815 quantum⁸
1089 2738 1220 2809 quis
1259 2742 1421 2794 amat
1462 2735 1821 2806 Commune,
1897 2742 2122 2794 tantum
2175 2744 2335 2792 amat
2387 2751 2591 2792 omnes
2639 2740 2701 2792 et

574 2835 873 2910 singulos,
933 2842 991 2893 et
1031 2838 1172 2911 quia
1214 2838 1265 2894 is
1309 2854 1476 2896 amor
1526 2831 1619 2895 est
1664 2838 1933 2911 Domini,
1997 2836 2132 2896 ideo
2187 2841 2418 2894 tantum
2467 2840 2703 2894 amatur

575 2951 613 2993 a
648 2929 937 3008 Domin0,
996 2942 1056 2993 et
1093 2938 1148 2994 ei
1183 2936 1403 2994 bonum
1438 2936 1520 2995 fit.

731 3057 812 3111 21
834 3057 893 3111 8.
932 3052 1023 3110 Ex
1058 3054 1152 3111 his
1191 3061 1466 3114 constare
1502 3062 1724 3131 potest,
1767 3057 1979 3133 quales
2015 3058 2309 3133 praefecti
2345 3063 2502 3124 sunt,
2539 3055 2702 3132 quod

571 3170 791 3229 nempe
826 3154 946 3211 sint
982 3156 1082 3229 qui
1117 3156 1178 3212 in
1231 3172 1433 3215 amore
1483 3164 1546 3215 et
1592 3159 1653 3215 in
1692 3160 1992 3233 sapientia
2044 3163 2187 3216 sunt
2230 3175 2376 3235 prae
2426 3157 2697 3239 reliquis,

572 3257 657 3312 ita
705 3256 806 3331 qui
857 3272 930 3313 ex
986 3272 1186 3314 amore
1237 3256 1446 3314 volunt
1503 3258 1778 3316 omnibus
1824 3258 2079 3329 bonum,
2147 3266 2207 3317 et
2267 3277 2342 3318 ex
2399 3258 2701 3335 sapientia

573 3357 771 3415 sciunt
805 3358 1154 3433 prospicere
1212 3363 1275 3415 ut
1309 3358 1371 3415 id
1413 3357 1547 3434 fiat3
1606 3362 1706 3433 qui
1743 3360 1898 3418 tales
1936 3367 2107 3434 sunt,
2166 3376 2286 3419 non
2320 3359 2701 3419 dominantur

726 3589 812 3657 (y)
857 3588 1021 3654 Quod
1057 3589 1244 3642 omnis
1290 3592 1463 3643 homo
1503 3598 1563 3643 et
1602 3589 1879 3656 societas,
1924 3600 2042 3643 tum
2087 3590 2279 3644 Patria
2320 3600 2377 3644 et
2413 3588 2695 3653 Ecclesia,

571 3673 628 3716 et
670 3664 727 3714 in
759 3664 1077 3717 universali
1115 3682 1286 3719 sensu
1327 3668 1589 3739 Regnum
1635 3666 1900 3729 Domini,
1945 3667 2019 3720 sit
2061 3668 2397 3732 Proximu8‚
2443 3677 2501 3720 et
2542 3664 2702 3738 quod

571 3739 688 3791 illis
722 3738 1071 3795 benefacere
1114 3759 1182 3794 ex
1228 3760 1427 3796 amore
1474 3742 1614 3795 boni
1667 3741 1981 3796 secundum
2030 3744 2199 3815 quale
2248 3754 2424 3796 status
2471 3759 2697 3805 eorum,

571 3814 645 3867 sit
678 3830 870 3869 amare
904 3816 1261 3887 proximum,
1312 3819 1386 3871 ita
1435 3818 1591 3900 (guod
1630 3820 1845 3871 honum
1893 3819 2160 3882 illorum,
2208 3819 2361 3891 quod
2405 3820 2577 3871 etiam
2613 3826 2702 3871 est

566 3890 789 3943 honum
835 3909 1171 3955 commune,
1217 3895 1309 3946 cui
1347 3895 1797 3955 consulendum,
1843 3895 1917 3948 sit
1957 3896 2287 3966 proximus,
2335 3912 2404 3946 n:
2449 3902 2599 3954 6818
2627 3892 2700 3947 ad

570 3972 737 4026 6824.
780 3973 948 4027 8123.
1031 3966 1197 4032 Quod
1242 3970 1414 4022 etiam
1451 3969 1669 4023 bonum
1710 3970 1915 4034 civile,
1979 3971 2139 4043 quod
2181 3981 2269 4024 est
2312 3971 2561 4038 justum,
2625 3969 2700 4021 sit

568 4041 896 4108 Proximus,
939 4061 1005 4095 nt
1049 4051 1215 4103 2915.
1248 4051 1417 4106 4730,
1456 4054 1626 4106 8120,
1669 4055 1838 4107 8123.
1902 4046 2043 4099 Inde
2080 4046 2239 4118 quod
2272 4046 2535 4099 Charitas
2562 4062 2700 4116 erga

567 4116 894 4189 proximum
939 4135 997 4170 se
1039 4118 1304 4173 extendat
1358 4119 1426 4174 ad
1475 4123 1665 4175 omnia
1710 4133 1766 4176 et
1807 4123 2029 4195 singula
2082 4123 2237 4175 vitae
2286 4122 2569 4184 hominiS,
2632 4131 2695 4174 et

569 4191 725 4265 quod
766 4210 958 4248 amare
1000 4194 1216 4249 bonum
1257 4207 1313 4250 et
1364 4196 1559 4251 facere
1611 4198 1829 4251 bonum
1886 4217 1953 4251 ex
2000 4216 2200 4251 amore
2251 4198 2392 4250 boni
2445 4209 2502 4250 et
2545 4196 2696 4260 veri,

566 4281 623 4323 et
661 4287 896 4343 quoque
949 4272 1162 4338 justum
1204 4291 1271 4327 ex
1311 4290 1510 4327 amore
1562 4274 1730 4341 justi,
1801 4276 1859 4326 in
1901 4291 2247 4347 quacunque
2289 4274 2593 4327 functione
2636 4282 2696 4326 et

568 4346 627 4398 iu
669 4348 827 4401 omni
869 4364 1081 4421 opere,
1126 4350 1197 4403 sit
1248 4368 1440 4405 atnare
1479 4351 1841 4422 proximum,
1884 4369 1952 4405 n:
1998 4359 2168 4413 2417.
2206 4358 2373 4412 8121.
2419 4356 2592 4411 8124.
