3013 5114
571 403 639 454 32
1183 391 1277 444 DE
1320 390 1556 446 coELO
1599 389 1694 444 ET
1732 390 2067 445 INFERNO.

567 551 997 612 intellectualia
1034 558 1094 610 et
1128 550 1470 610 voluntaria
1503 551 1729 612 faciant
1762 552 2094 624 hominem,
2136 556 2197 610 et
2234 549 2395 626 quod
2428 549 2534 610 illa
2566 553 2689 610 sint

565 656 628 712 in
666 651 845 710 simili
892 651 1110 726 forma,
1191 653 1331 728 quia
1380 651 1486 710 illa
1535 658 1720 728 agunt
1777 654 1838 710 in
1887 651 2364 728 singularissima
2414 653 2683 727 corporis

566 755 722 812 sicut
770 754 1069 812 internum
1113 753 1176 809 in
1232 757 1543 811 externum
1556 772 1572 828 3
1644 753 1822 811 homo
1868 755 2076 828 itaque
2142 768 2217 810 ex
2269 750 2388 810 illis
2435 757 2686 811 vocatur

566 854 844 914 Internus
884 858 946 911 et
982 851 1323 928 Spiritualis
1359 852 1559 912 homo.
1633 852 1800 913 Talis
1835 852 2030 912 Homo
2065 853 2127 911 in
2154 854 2410 912 maxima
2445 859 2507 912 et
2537 868 2685 929 per-

568 954 895 1013 fectissima
928 952 1119 1012 forma
1157 959 1249 1011 est
1287 951 1555 1012 Coclum.

729 1034 840 1113 6'1.
917 1053 1085 1113 Talis
1125 1053 1263 1113 idea
1313 1059 1406 1113 est
1454 1052 1825 1129 Angelorum
1871 1052 1947 1112 de
1988 1053 2262 1128 homine,
2320 1059 2690 1131 quapropter

567 1136 866 1230 nusquam
893 1156 1208 1213 attendunt
1248 1154 1326 1213 ad
1371 1154 1476 1212 illa
1523 1170 1681 1230 quae
1729 1153 1905 1213 homo
1948 1171 2199 1231 corpore
2236 1154 2413 1224 facit,
2462 1153 2574 1213 sed
2609 1154 2688 1213 ad

567 1255 937 1315 voluntatem
990 1273 1066 1315 ex
1110 1273 1228 1331 qua
1280 1270 1497 1330 corpus
1527 1253 1724 1329 .facit;
1778 1253 1933 1314 hanc
1982 1260 2203 1314 vocant
2245 1255 2445 1331 ipsum
2491 1253 2689 1314 homi-

569 1374 738 1428 nem,
829 1363 889 1415 et
957 1355 1327 1416 intellectum
1397 1360 1685 1429 quantum
1746 1353 1850 1413 ille
1921 1371 2055 1413 cum
2127 1353 2435 1415 voluntate
2505 1372 2687 1414 unum

568 1458 693 1532 agit
732 1452 927 1535 (prm)-

726 1559 836 1616 62.
890 1555 1111 1631 Angeli
1145 1555 1387 1630 quidem
1421 1571 1541 1613 non
1577 1554 1779 1614 vident
1818 1552 2069 1615 Coelum
2102 1555 2165 1612 in
2205 1558 2332 1613 toto
2369 1554 2687 1631 complexu

564 1659 627 1715 in
674 1655 781 1713 tali
832 1655 1053 1727 forma,
1106 1672 1246 1714 nam
1284 1661 1475 1714 totum
1530 1653 1780 1714 Coclum
1825 1671 1943 1715 non
1990 1654 2148 1713 cadit
2191 1655 2253 1712 in
2294 1660 2686 1730 conspectum

569 1755 829 1832 alicujus
865 1747 1116 1832 Angeli,
1193 1756 1304 1815 sed
1355 1755 1562 1836 yident
1622 1754 1978 1832 quandoque
2027 1754 2269 1813 dissitas
2326 1752 2683 1828 Societate8‚

572 1874 726 1932 quae
765 1874 840 1915 ex
888 1856 1091 1916 multis
1140 1856 1404 1915 millibus
1459 1855 1828 1932 Angelorum
1879 1857 2242 1929 consistunt,
2298 1860 2365 1913 ut
2404 1872 2589 1914 unum
2628 1855 2691 1913 in

570 1957 679 2015 tali
719 1957 908 2016 forma
921 1977 937 2033 3
996 1964 1056 2016 et
1092 1975 1161 2017 ex
1199 1958 1489 2016 societate
1535 1963 1604 2015 ut
1657 1973 1731 2016 ex
1778 1963 1951 2033 parte
2003 1955 2363 2016 concludunt
2405 1955 2483 2014 ad
2519 1971 2685 2017 com-

569 2075 749 2116 mune
803 2057 965 2134 quod
1018 2064 1112 2116 est
1161 2056 1411 2116 Coelam
1425 2077 1443 2132 3
1497 2074 1634 2114 nam
1685 2059 1745 2114 in
1792 2057 2235 2133 perfectissima
2279 2056 2472 2116 forma
2517 2073 2685 2116 com-

565 2159 768 2215 munia
826 2173 894 2215 se
941 2156 1166 2215 habent
1215 2159 1372 2216 sicut
1426 2163 1669 2232 partes,
1729 2163 1788 2215 et
1844 2163 2050 2234 partes
2113 2159 2271 2217 sicut
2332 2159 2684 2231 communia,

567 2257 885 2315 discrimen
921 2256 1096 2316 modo
1136 2263 1229 2315 cst
1268 2258 1424 2315 sicut
1463 2257 1618 2316 inter
1656 2256 1850 2317 simile
1901 2257 2097 2335 majus
2147 2264 2207 2316 et
2243 2258 2459 2318 minus,
2535 2257 2686 2317 Inde

565 2356 802 2426 dicunt,
858 2357 1018 2431 quod
1068 2364 1256 2416 totum
1313 2356 1563 2416 Coelum
1617 2356 1742 2416 tale
1800 2360 1879 2416 sit
1926 2359 1988 2416 in
2041 2365 2372 2434 conspectu
2422 2358 2680 2431 Domini,

572 2459 713 2532 quia
747 2457 1034 2516 Divinum
1071 2476 1146 2517 ex
1180 2458 1387 2517 intimo
1427 2464 1487 2517 et
1527 2473 1807 2535 supremo
1845 2460 2043 2518 omnia
2077 2458 2259 2517 videt.

723 2561 834 2619 63.
907 2559 1064 2635 Quia
1111 2557 1361 2619 Coelum
1410 2560 1531 2618 tale
1582 2566 1703 2630 est,
1753 2559 1889 2619 ideo
1928 2576 2168 2638 quoque
2203 2561 2432 2637 regitur
2464 2559 2614 2618 illud
2647 2576 2687 2618 a

565 2660 822 2720 Domino
861 2661 1022 2719 sicut
1065 2677 1221 2720 unus
1270 2661 1476 2736 hom0,
1536 2667 1597 2721 et
1644 2661 1783 2719 inde
1821 2661 1974 2720 sicut
2017 2678 2230 2719 unum:
2284 2666 2488 2719 notum
2527 2661 2686 2719 enim

566 2767 688 2834 est,
743 2760 905 2836 quod
946 2763 1185 2819 tametsi
1226 2761 1404 2820 homo
1451 2764 1726 2821 consistit
1779 2778 1853 2820 ex
1905 2760 2434 2820 innumerabilibus
2481 2762 2683 2836 variiS,

567 2867 691 2917 tam
726 2861 787 2917 in
823 2865 947 2917 toto
987 2877 1166 2936 quam
1200 2862 1260 2917 in
1295 2870 1498 2935 parte,
1554 2858 1627 2920 in
1664 2865 1794 2919 toto
1831 2877 1906 2918 ex
1941 2859 2258 2935 membris,
2315 2862 2552 2937 organis
2564 2905 2581 2936 ,
2622 2865 2684 2921 et

570 2957 940 3030 visceribuS,
1011 2958 1084 3019 in
1123 2963 1316 3038 parte
1371 2976 1447 3017 ex
1500 2960 1775 3019 seriebus
1847 2959 2161 3034 fibrarum,
2217 2977 2571 3030 nervorum,
2623 2966 2686 3020 et

563 3073 846 3116 vasorum
898 3061 1397 3135 sanguineorum3
1457 3051 1542 3117 ita
1594 3076 1669 3118 ex
1717 3058 1999 3118 membris
2061 3062 2219 3119 intra
2267 3059 2564 3136 membra,
2621 3066 2683 3121 et

492 3186 505 3192 -
566 3176 642 3217 ex
687 3156 960 3234 partibus
996 3161 1152 3217 intra
1185 3165 1424 3235 partes,
1461 3175 1655 3235 usque
1695 3166 1894 3218 tamen
1929 3160 2134 3230 homo,
2171 3178 2306 3220 cum
2337 3161 2488 3238 agit,
2528 3163 2682 3220 sicut

563 3274 716 3316 unus
765 3259 921 3334 agit:
979 3259 1099 3317 tale
1157 3261 1337 3317 ctiam
1404 3265 1497 3319 est
1561 3257 1809 3319 Coelum
1875 3260 1989 3319 sub
2053 3263 2320 3337 auspicio
2385 3268 2446 3321 et
2475 3261 2683 3321 'ductu

560 3358 820 3418 Domini.

722 3463 831 3520 64.
916 3459 1090 3535 Quod
1136 3467 1223 3519 tot
1278 3461 1446 3517 varia
1498 3460 1560 3517 in
1611 3461 1848 3520 homine
1898 3478 2080 3519 unum
2131 3470 2341 3537 agant,
2396 3467 2492 3522 est
2531 3464 2683 3544 *quia

558 3560 702 3619 nihil
738 3562 1056 3637 quicquam
1094 3561 1176 3620 ibi
1213 3567 1334 3630 cst,
1387 3560 1550 3645 quod
1591 3577 1707 3620 uon
1750 3560 1976 3637 aliquid
2022 3561 2164 3621 facit
2214 3563 2291 3620 ad
2337 3581 2466 3624 rem
2509 3580 2674 3624 com-

643 3831 647 3835 ’
715 3827 888 3898 (ppp)
953 3827 1124 3904 Quod
1175 3830 1442 3882 voluntas
1487 3830 1737 3882 hominis
1780 3829 1853 3884 sit
1893 3831 2081 3901 ipsum
2125 3832 2264 3891 Esse
2306 3832 2458 3884 vitae
2504 3830 2682 3895 illius,

559 3912 618 3957 et
669 3901 826 3974 quod
878 3902 1213 3956 Intellectus
1267 3905 1342 3957 sit
1398 3906 1658 3959 Existcre
1710 3906 1865 3959 vitae
1921 3906 2094 3971 inde,
2169 3924 2238 3959 n:
2296 3915 2465 3968 3619.
2510 3914 2682 3966 5002.

559 3985 724 4040 9282.
805 3976 977 4105 quod
1020 3978 1134 4030 vita
1177 3979 1468 4032 voluntats
1496 3980 1571 4032 sit
1598 3981 1941 4052 principalis
1965 3983 2085 4035 vita
2120 3984 2391 4046 hominis,
2438 3993 2494 4037 et
2522 3982 2683 4054 quod

556 4054 676 4108 vita
718 4054 835 4106 into
864 4052 1045 4106 lectus
1082 4053 1362 4124 procedat
1409 4054 1573 4119 inde,
1638 4074 1705 4109 nt
1750 4063 1877 4116 585.
1916 4065 2045 4118 590.
2084 4067 2250 4119 3619.
2293 4067 2460 4120 7342.
2506 4065 2685 4118 8885.

558 4136 726 4189 9282.
763 4136 971 4188 10076.
1014 4136 1220 4188 10109.
1259 4138 1466 4189 10110.
1551 4128 1717 4194 Quod
1758 4133 1933 4186 homo
1989 4135 2065 4187 sit
2130 4137 2305 4187 homo
2360 4152 2429 4188 ex
2471 4134 2682 4188 volun·

557 4215 673 4259 tate
733 4213 791 4258 et
851 4204 984 4259 inde
1038 4205 1366 4268 intellectu,
1449 4224 1517 4259 n:
1581 4215 1750 4268 8911.
1800 4216 1965 4270 9069·
2004 4218 2171 4275 9071.
2215 4219 2424 4271 10076.
2471 4217 2680 4270 10109·
