3013 5114
625 406 916 462 COELUM
951 408 1084 462 EST
1128 408 1563 464 DISTINCTUM
1602 408 1674 462 IN
1718 408 1863 464 DUO
1895 406 2160 463 REGNA.
2383 423 2445 472 13

326 569 499 629 siout
540 567 850 646 teipsum:
916 585 999 627 ea:
1039 565 1144 627 hia
1186 566 1436 628 duobus
1473 567 1835 647 praeceptis
1879 566 2152 647 pendent
2200 564 2345 629 Lem
2388 574 2448 627 et

330 666 760 747 Prophetae,“
798 667 1010 726 Matth:
1047 668 1256 726 XXII.
1302 670 1410 727 37.
1458 671 1569 728 38.
1608 671 1719 728 39.
1760 672 1873 728 40.
1926 669 2052 728 Lex
2088 674 2146 727 et
2172 668 2447 745 Prophe-

330 775 430 829 tae
467 775 609 828 sunt
647 775 835 828 totum
874 766 1172 837 Verbum,
1220 771 1305 826 ita
1340 784 1513 829 omne
1554 769 1781 828 Verum
1817 770 2116 828 Divinum.

434 934 695 1034 Quod
768 934 1128 1007 coelum
1207 934 1746 1031 distinctum
1818 937 1939 1007 sit
2008 936 2101 1006 in
2173 936 2347 1007 duo

1235 1040 1555 1133 Regna.

538 1185 657 1242 20.
712 1180 1005 1257 Quoniam
1044 1183 1103 1238 in
1141 1179 1326 1240 Coelo
1363 1190 1503 1240 sunt
1538 1182 1803 1242 infinitae
1839 1185 2163 1243 varietates
2176 1227 2192 1257 ,
2247 1194 2308 1242 et
2335 1202 2453 1242 una

332 1284 611 1346 Societas
662 1299 780 1340 non
826 1298 1073 1357 prorsus
1112 1281 1322 1340 similis
1364 1282 1565 1357 alteri,
1621 1300 1698 1342 ne
1736 1283 1977 1359 quidem
2012 1299 2164 1341 unus
2203 1284 2453 1359 angelus

334 1385 510 1445 alteri
550 1380 696 1464 (dd),
745 1382 882 1440 ideo
930 1382 1314 1457 distinguitur
1362 1381 1614 1441 Coelum
1657 1385 1718 1441 in
1773 1386 2096 1457 communi,
2151 1385 2213 1441 in
2248 1386 2451 1459 specIe

334 1492 397 1545 et
429 1487 492 1543 in
526 1490 728 1561 parte3
765 1484 827 1540 in
864 1484 1160 1541 communi
1193 1485 1255 1539 in
1292 1482 1406 1541 duo
1445 1482 1682 1559 Regna,
1722 1486 1783 1542 in
1809 1487 2013 1560 speeie
2049 1487 2111 1542 in
2146 1490 2269 1544 tres
2306 1500 2448 1544 eoe-

329 1586 458 1658 loS‚
514 1601 585 1643 ae
620 1586 682 1641 in
716 1588 891 1659 parte
926 1584 989 1640 in
1022 1583 1366 1641 innumeras
1402 1586 1756 1643 societates:
1812 1584 1887 1644 de
1924 1585 2173 1661 singulis
2208 1587 2268 1643 in
2294 1590 2451 1645 nunc

331 1684 727 1761 sequentibus
767 1682 1013 1742 dicetur.
1094 1682 1306 1759 Regna
1353 1683 1661 1759 dicuntur,
1719 1687 1861 1761 quia
1910 1683 2159 1757 Coelum
2201 1692 2452 1745 vocatur

332 1785 606 1863 Regnum
643 1784 781 1842 Dei.

547 1890 658 1944 21.
728 1882 881 1943 Sunt
917 1883 1135 1959 Angeli
1170 1886 1272 1958 qui
1305 1886 1556 1943 interius
1594 1888 1783 1960 magis
1823 1892 1883 1945 et
1926 1888 2118 1944 minus
2153 1888 2452 1963 recipiunt

329 1988 621 2081 Divinugn
658 2004 695 2042 a
729 1984 986 2043 Domino
1034 1982 1403 2061 procedens3
1461 1987 1564 2060 qui
1609 1986 1801 2062 magis
1843 1987 2091 2044 interius
2136 1988 2451 2062 recipiunt,

328 2093 623 2146 vocantur
672 2085 891 2161 Angeli
948 2084 1274 2159 coelestes,
1359 2092 1422 2143 at
1470 2087 1573 2161 qui
1619 2087 1814 2143 minus
1861 2086 2109 2144 interius
2161 2091 2451 2144 vocantur

330 2180 549 2264 Angeli
600 2185 948 2263 spirituales
960 2172 1168 2259 {inde
1220 2183 1467 2244 Coelum
1522 2186 1903 2264 distinguitur
1948 2188 2010 2244 in
2053 2186 2170 2245 duo
2219 2186 2447 2263 Regna,

325 2305 586 2363 quorum
621 2304 805 2344 unum
852 2292 1102 2344 vocatur
1150 2285 1419 2345 REGNUM
1466 2285 1820 2346 Connns'm:
1876 2287 2132 2347 alterum
2179 2287 2452 2347 Rnanmu

331 2386 706 2448 Smm'runnn
749 2382 889 2466 (ee).
1982 2439 1986 2443 ,

542 2490 655 2545 22.
710 2486 928 2563 Angeli
964 2488 1065 2562 qui
1099 2486 1373 2564 Regnum
1421 2487 1685 2547 eoeleste
1724 2491 2121 2564 constituunt,
2179 2489 2319 2564 quia
2352 2490 2447 2546 in-

327 2592 518 2650 terius
558 2591 750 2665 magis
789 2589 1083 2663 recipiunt
1119 2588 1406 2646 Divinum
1440 2588 1712 2662 Domini,
1766 2594 2059 2647 vocantur
2098 2587 2319 2664 Angeli
2353 2590 2447 2646 in-

327 2692 585 2751 teriores
616 2697 676 2747 et
711 2705 947 2765 quoque
986 2690 1360 2763 superiores3
1400 2704 1470 2746 ao
1497 2687 1637 2746 inde
1666 2689 1846 2747 etiam
1874 2687 2073 2762 Coeli,
2114 2703 2263 2763 quos
2300 2704 2447 2748 con-

326 2791 620 2859 stituunt,
671 2794 962 2849 vocantur
997 2786 1166 2848 Coeli
1211 2790 1527 2848 interiores
1576 2805 1647 2849 ac
1694 2790 2039 2866 superiores
2078 2784 2188 2870 (ff).
2275 2787 2452 2867 Quod

485 3013 615 3079 (dd)
660 3013 827 3089 Quod
872 3013 1091 3067 infinita
1133 3013 1382 3066 varietas
1435 3013 1549 3075 sit,
1613 3023 1670 3066 et
1713 3029 1990 3084 nusquam
2033 3013 2251 3085 aliquid
2296 3012 2471 3067 idem'

328 3108 464 3143 cum
508 3091 726 3153 alteru,
772 3107 836 3141 n.
885 3098 1049 3148 7236.
1078 3097 1246 3149 9002.
1331 3088 1501 3165 Quod
1543 3089 1714 3142 etiam
1759 3089 1813 3140 in
1859 3090 2053 3143 Coelis
2097 3089 2316 3142 infinita
2358 3107 2447 3142 va·

330 3165 508 3218 rictas
551 3165 655 3227 sit,
714 3182 779 3215 n.
824 3172 953 3226 684.
998 3173 1126 3225 690.
1173 3171 1340 3225 3744.
1388 3172 1556 3224 5598.
1603 3172 1768 3223 7236.
1825 3165 1993 3240 Quod
2039 3165 2346 3218 varietates
2388 3166 2446 3217 in

330 3242 511 3293 coelis
554 3241 668 3292 sint
710 3240 1015 3293 varietates
1057 3240 1232 3303 boni,
1297 3259 1363 3291 n.
1421 3248 1589 3301 3744
1637 3247 1805 3301 4005,
1853 3250 2018 3300 7236.
2065 3249 2233 3300 7833
2281 3249 2447 3300 7836.

326 3326 501 3377 9002
567 3316 737 3405 Quod
782 3333 887 3403 per
929 3317 988 3368 id
1029 3334 1228 3370 omnes
1271 3316 1576 3369 societates
1621 3317 1678 3367 in
1707 3317 1905 3379 coelis,
1952 3328 2008 3370 et
2050 3317 2447 3388 unusquisque

330 3394 572 3465 angelus
617 3393 674 3444 in
719 3392 1017 3452 societate,
1062 3411 1091 3444 a
1136 3411 1196 3445 se
1239 3392 1486 3444 invicem
1520 3392 1777 3445 distincti
1822 3394 1953 3456 sint,
2000 3409 2065 3445 n:
2112 3401 2240 3451 690.
2279 3400 2445 3451 3241.

332 3477 499 3529 3519·
546 3475 713 3528 3804.
759 3475 923 3527 3986·
970 3476 1137 3528 4067.
1184 3475 1350 3528 4149.
1408 3475 1578 3530 4263.
1636 3476 1801 3527 7236·
1861 3476 2024 3528 7833·
2082 3475 2249 3526 7836.
2332 3466 2446 3521 Sed

330 3545 488 3617 quod
531 3562 716 3615 usque
758 3561 957 3597 omnes
1009 3561 1185 3596 unum
1240 3544 1453 3597 saciant
1508 3562 1615 3616 per
1666 3561 1922 3596 amorem
1966 3562 1995 3595 a
2037 3543 2321 3606 Domin0‚
2377 3561 2446 3596 n.

330 3630 461 3682 457.
507 3628 673 3680 3986·

485 3699 605 3761 (ee)
651 3694 819 3772 Quod
864 3696 1104 3749 Coelum
1150 3696 1206 3748 in
1263 3705 1385 3748 toto
1442 3695 1499 3746 in
1554 3695 1670 3747 duo
1731 3697 1921 3764 Regna
1975 3693 2305 3747 distinctum
2351 3696 2442 3756 sit,

328 3773 391 3824 in
431 3774 691 3843 Regnum
736 3772 987 3825 coeleste
1032 3782 1087 3825 et
1131 3773 1187 3823 in
1246 3772 1504 3842 Regnum
1565 3769 1898 3841 spirituale,
1954 3788 2019 3821 n:
2065 3779 2229 3831 3887
2278 3780 2443 3832 4138.

328 3848 501 3924 Quod
543 3848 731 3918 angeli
760 3849 938 3936 Regni
985 3848 1254 3901 coelestis
1283 3847 1571 3916 recipiant
1611 3845 1881 3898 Divinum
1921 3847 2149 3899 Domini
2189 3849 2244 3899 in
2284 3859 2446 3917 parte

326 3924 691 3986 voluntaria,
739 3923 816 3976 ita
860 3924 1133 3986 interius,
1181 3940 1349 3995 quam
1391 3921 1579 3993 angeli
1623 3922 1975 3994 spirituales,
2020 3924 2118 3994 qui
2154 3925 2448 3994 recipiunt

332 4000 476 4053 illud
521 4001 579 4052 in
622 4009 786 4070 parte
828 4000 1241 4064 intellectuali,
1305 4016 1371 4050 n.
1427 4007 1598 4059 5113.
1643 4007 1807 4059 6367.
1853 4007 2021 4058 8521.
2067 4007 2235 4059 9935.
2280 4008 2446 4060 9995·

334 4083 584 4215 101259')
627 4150 799 4227 Quod
842 4149 1039 4213 Coeli,
1086 4150 1183 4221 qui
1228 4151 1591 4203 constituunt
1633 4152 1893 4222 Regnum
1937 4151 2209 4215 coeleste,
2255 4151 2447 4203 dican-

333 4237 429 4279 tur
471 4229 835 4297 supet-lorea,
900 4228 999 4298 qui
1043 4238 1233 4279 autem
1274 4228 1534 4297 Regnum
1578 4228 1915 4297 spirituale,
1979 4228 2322 4291 inferiores,
2379 4245 2447 4279 n:

332 4310 539 4363 10068·
