3013 5114
609 442 715 494 194
1217 428 1311 481 DE
1351 426 1589 481 COELO
1632 424 1726 478 ET
1765 423 2103 481 INFERNO.

612 591 797 653 Coelo
810 609 939 666 ,ne
977 593 1035 648 in
1072 588 1225 646 salsa
1260 587 1539 664 opinione
1577 585 1650 643 de
1694 601 1759 643 se
1797 586 1946 653 sint,
1985 582 2143 660 quod
2178 582 2400 640 bonum
2430 583 2589 658 apud
2617 601 2724 643 eos

611 696 689 752 sit
715 710 787 752 ex
827 694 936 761 iis,
983 698 1041 748 et
1066 706 1184 746 non
1216 707 1290 745 ex
1325 687 1613 760 Domino,
1663 687 2044 743 remittuntur
2075 683 2434 760 quandoque
2470 685 2530 742 in
2564 685 2726 743 mala

608 811 749 869 sua,
807 808 960 868 quae
1008 789 1408 848 haereditario
1464 791 1856 865 acceperunt,
1914 792 1972 844 et
2014 783 2238 849 inillis
2284 783 2719 860 relinquuntur,

608 911 801 970 usque
846 892 983 950 dum
1026 892 1253 964 sciunt,
1319 893 1683 965 agnoscunt,
1739 894 1797 946 et
1837 887 2111 960 credunt,
2171 885 2330 963 quod
2375 887 2460 942 ita
2507 901 2575 946 se
2623 903 2722 946 res

606 995 847 1057 habeat.
929 991 1184 1068 Quidam
1229 991 1405 1048 etiam
1443 992 1545 1066 qui
1584 989 1778 1047 infans
1819 996 2113 1059 mortuuS,
2170 986 2280 1044 sed
2325 988 2427 1060 qui
2462 986 2726 1047 adolevit

606 1100 666 1155 in
703 1095 920 1169 Coelo,
978 1095 1037 1152 in
1072 1092 1249 1150 simili
1285 1093 1562 1167 opinione
1600 1090 1741 1162 suit,
1801 1095 1928 1148 erat
1969 1088 2152 1163 Regis
2190 1086 2500 1164 cujusdam
2545 1088 2720 1163 filiuS,

610 1213 799 1275 qnare
848 1197 909 1253 in
953 1188 1479 1263 vitam”maloru‚m
1525 1191 1639 1250 sibi
1677 1193 1938 1248 innatam
1977 1189 2267 1246 remissus
2307 1193 2428 1261 est,
2487 1194 2547 1246 et
2582 1195 2723 1248 tunc

610 1299 859 1375 percepi
903 1313 977 1355 ex
1017 1293 1277 1371 sphaera
1322 1295 1483 1350 vitae
1528 1293 1657 1369 ejus
1672 1334 1687 1364 ,
1744 1289 1902 1367 quod
1938 1289 2190 1348 haberet
2231 1290 2492 1346 animum
2525 1292 2720 1366 impc-

612 1398 785 1456 randi
828 1397 992 1470 aliis,
1058 1402 1119 1453 et
1172 1393 1329 1471 quod
1384 1392 1682 1450 adulteria
1734 1408 1841 1469 pro
1897 1390 2081 1448 nihilo
2135 1391 2512 1460 aestimaret,
2567 1407 2723 1467 quae

611 1500 850 1557 suerunt
905 1498 961 1555 ei
1010 1496 1168 1553 mala
1226 1493 1630 1551 haereditario
1682 1511 1755 1552 ex
1815 1489 2195 1569 parentibus:
2287 1492 2350 1547 at'
2403 1497 2725 1569 postquam

613 1600 855 1676 agnovit
897 1596 1055 1671 quod
1092 1596 1229 1654 talis
1269 1601 1458 1668 esset,
1516 1600 1655 1652 tunc
1691 1596 1906 1652 iterum
1944 1597 2225 1667 receptus
2266 1598 2357 1649 est
2400 1593 2554 1652 inter
2590 1591 2721 1652 An-

611 1698 811 1777 gelos,
866 1699 1021 1755 inter
1054 1713 1204 1774 quos
1252 1692 1422 1772 prius
1467 1694 1595 1753 fuit.
1683 1691 1991 1771 Nusquam
2031 1692 2245 1768 aliquis
2282 1695 2340 1750 in
2377 1693 2569 1752 altera
2603 1696 2727 1752 vita

610 1800 720 1858 luit
754 1816 1009 1875 paenam
1046 1803 1292 1873 propter
1328 1795 1548 1854 malum
1584 1795 2071 1867 haereditarium,
2111 1794 2254 1870 quia
2294 1794 2425 1870 ejus
2463 1813 2581 1854 non
2617 1800 2727 1863 est,

609 1904 695 1959 ita
730 1917 847 1958 non
887 1902 946 1957 in
987 1899 1166 1975 culpa
1207 1896 1368 1974 quod
1415 1896 1554 1955 talis
1594 1899 1697 1972 sit3
1768 1896 1877 1955 sed
1925 1901 2171 1972 propter
2218 1894 2439 1954 malum
2489 1895 2727 1955 actuale

616 2001 776 2078 quod
811 2002 1002 2077 ipsius
1042 2005 1151 2073 est,
1191 2002 1275 2067 ita
1303 2004 1591 2074 quantum
1622 2015 1696 2055 ex
1739 1996 1894 2055 malo
1931 1996 2330 2054 haereditario
2368 2015 2479 2074 per
2513 2002 2724 2056 actua-

610 2102 730 2160 lem
769 2104 951 2158 vitam
989 2100 1103 2158 sibi
1151 2100 1584 2175 appropriavit.
1678 2097 1855 2174 Quod
1889 2098 2147 2156 infantes
2201 2097 2570 2158 adulti'i'acti
2621 2114 2724 2156 re-

611 2204 922 2260 mittantur
967 2202 1027 2257 in
1076 2205 1295 2257 statum
1345 2197 1485 2255 mali
1535 2200 1632 2255 sui
1677 2197 2098 2270 haereditarii,
2171 2215 2289 2255 non
2337 2205 2430 2258 est
2478 2199 2612 2258 ideo
2663 2201 2727 2256 ut

613 2317 867 2377 paenam
900 2298 1085 2370 luant,
1125 2298 1233 2356 sed
1265 2304 1327 2356 ut
1355 2300 1566 2373 sciant,
1607 2299 1763 2374 quod
1802 2316 1874 2356 ex
1911 2315 1977 2356 se
2015 2315 2132 2356 non
2158 2300 2273 2358 nisi
2301 2317 2475 2376 quam
2504 2299 2728 2358 malum

611 2403 758 2475 sint,
820 2405 878 2459 et
929 2399 1087 2476 quod
1136 2398 1209 2457 ab
1260 2397 1499 2457 Inferno
1562 2399 1723 2475 quod
1770 2399 1933 2475 apud
1988 2415 2122 2474 eoS,
2201 2416 2274 2457 ex
2320 2400 2730 2460 Misericordia

613 2503 872 2578 Domini,
914 2504 972 2561 in
1012 2500 1247 2560 coelum
1284 2499 1666 2573 auferantur,
1719 2505 1780 2560 et
1825 2500 1985 2577 quod
2030 2501 2088 2560 in
2129 2498 2313 2561 Coelo
2349 2518 2467 2560 non
2502 2502 2618 2560 sint
2655 2515 2729 2561 ex

614 2606 825 2664 merito
867 2605 987 2678 sui,
1046 2602 1158 2661 sed
1194 2621 1268 2660 ex
1304 2601 1595 2678 Domine,
1653 2607 1712 2661 et
1756 2605 1843 2662 sic
1893 2620 1967 2661 ne
2015 2619 2086 2659 ex
2124 2601 2308 2675 bono,
2369 2601 2529 2678 quod
2568 2601 2731 2679 apud

615 2722 745 2778 008,
786 2722 852 2763 se
888 2721 1087 2764 coram
1126 2702 1259 2761 aliis
1286 2703 1554 2781 jactent,
1594 2720 1731 2761 nam
1771 2703 1884 2762 hoc
1922 2711 2014 2762 est
2050 2710 2256 2762 contra
2293 2702 2516 2763 bonum
2559 2719 2728 2762 amo-

614 2808 696 2864 ris
742 2807 956 2875 mutui,
1011 2805 1165 2862 sicut
1200 2809 1294 2862 est
1329 2809 1537 2861 contra
1571 2822 1778 2862 verum
1820 2803 1977 2863 fidei.

772 2906 932 2963 343.
1001 2902 1236 2962 Pluries
1287 2920 1421 2961 cum
1467 2903 1695 2980 aliquot
1740 2905 1996 2963 infantes
2047 2905 2225 2963 simul
2261 2906 2423 2982 apud
2458 2923 2553 2965 me
2592 2905 2726 2964 sue-

612 3012 751 3063 runt
787 3006 845 3061 in
883 3004 1111 3079 choris,
1170 3020 1349 3078 quum
1388 3003 1584 3062 adhuc
1631 3021 1881 3081 prorsus
1918 3005 2221 3065 infantiles
2264 3013 2494 3076 essent,
2543 3005 2733 3066 auditi

615 3110 754 3164 sunt
789 3106 946 3162 sicut
980 3110 1251 3161 tenerum
1295 3103 1732 3178 inordinatum,
1795 3108 1880 3165 sic
1921 3112 1988 3164 ut
2037 3107 2298 3166 nondum
2343 3109 2500 3166 sicut
2548 3123 2732 3165 unum

614 3209 889 3283 agerent,
954 3203 1449 3279 quemadmodum
1500 3204 1639 3264 dein
1687 3223 1822 3265 cum
1870 3206 2196 3266 adultiores
2241 3208 2382 3268 facti
2430 3214 2593 3282 sunt3
2650 3213 2726 3282 et,

615 3306 773 3385 quod
821 3308 1101 3378 miratuS,
1167 3306 1413 3381 spiritus
1465 3306 1626 3382 apud
1676 3324 1769 3367 me
1809 3325 1927 3364 non
1966 3314 2294 3384 potuerunt
2342 3327 2410 3368 sc
2450 3311 2729 3379 retinere,

615 3410 755 3486 quin
798 3424 901 3466 eos
943 3407 1261 3476 ducerent,
1314 3407 1392 3465 ad
1427 3406 1789 3483 loquendum
1804 3429 1821 3485 3
1877 3410 2080 3466 innata
2121 3415 2213 3468 est
2248 3409 2558 3487 spiritibus
2593 3408 2732 3468 talis

613 3510 829 3588 cupido
844 3529 859 3585 3
917 3508 1025 3566 sed
1078 3507 1462 3566 observatum
1513 3509 1726 3584 toties,
1782 3508 1940 3585 quod
1993 3510 2248 3569 infantes
2301 3514 2728 3587 repugnarent,

613 3626 732 3668 non
784 3608 1056 3668 volentes
1101 3611 1185 3666 ita
1231 3608 1427 3685 loqui,
1495 3612 1867 3669 renuentiam
1922 3615 1982 3668 et
2034 3613 2523 3687 repugnantiam,
2578 3626 2732 3688 quae

614 3715 743 3767 erat
799 3727 930 3767 cum
980 3709 1237 3785 quadam
1289 3712 1495 3786 specie
1549 3710 2007 3787 indignationis,
2074 3713 2321 3788 saepius
2367 3713 2729 3791 appercepi3

615 3826 869 3885 cumque
897 3810 1013 3867 illis
1044 3811 1248 3869 datum
1287 3819 1380 3871 est
1406 3810 1631 3888 aliquid
1659 3787 1869 3892 copiae
1906 3812 2206 3888 loquendi,
2253 3813 2529 3873 dicebant
2555 3812 2732 3871 modo

526 3991 529 3994 Δ
609 3907 779 3988 quod
812 3926 937 3968 non
985 3910 1081 3969 ita
1123 3911 1246 3969 eit:
1308 3914 1635 3971 instructus
1685 3930 1850 3982 sum,
1909 3914 2069 3988 quod
2122 3912 2261 3972 talis
2316 3915 2396 3974 sit
2439 3915 2734 3973 infantum

610 4010 891 4083 tentatio,
949 4015 1013 4066 ut
1050 4009 1411 4068 adsuescant
1462 4017 1523 4070 et
1569 4014 1997 4090 inaugurentur
2051 4031 2168 4074 non
2221 4014 2398 4073 modo
2450 4014 2528 4074 ad
2574 4015 2731 4073 resi·

611 4107 887 4168 stendum
930 4107 1084 4178 falso
1130 4115 1189 4168 ct
1223 4109 1411 4184 male,
1476 4112 1586 4171 sed
1633 4116 1813 4172 etiam
1860 4121 1927 4172 ut
1975 4133 2089 4174 non
2144 4113 2218 4172 ab
2268 4115 2384 4175 alio
2440 4116 2729 4192 cogitent,

610 4210 960 4285 loquantur,
1000 4215 1061 4267 et
1096 4217 1305 4286 agant,
1340 4213 1590 4287 proinde
1626 4220 1694 4273 ut
1729 4231 1845 4273 non
1884 4214 1959 4273 ab
1997 4215 2113 4276 alio
2154 4218 2461 4292 patiantur
2497 4233 2564 4275 se
2594 4215 2731 4273 duci

612 4324 790 4385 quam
821 4326 856 4368 a
892 4309 1021 4368 solo
1056 4310 1328 4369 Domino,
