3013 5114
290 421 515 479 HOMO
550 423 743 478 POST
783 423 1098 479 MORTEM
1144 424 1279 481 Es'r
1327 424 1587 492 QUALIS
1633 424 1806 483 EJUS
1849 427 2017 483 VITA
2064 428 2247 487 FUIT.
2329 440 2438 495 285

308 592 510 664 potest
547 584 691 644 facit
723 583 820 661 idq
873 585 1293 662 unusquisque
1337 588 1492 646 scire
1528 594 1763 664 potest,
1806 590 1963 665 qnod
2006 605 2173 648 amor
2201 594 2262 649 et
2288 587 2438 651 fides

306 689 489 747 insint
520 684 778 744 hominis
808 684 1100 757 voluntati
1128 692 1188 744 et
1231 689 1611 765 cogitationi,
1666 696 1725 748 et
1763 690 1925 767 quod
1956 708 2074 750 non
2111 692 2229 749 sint
2266 697 2440 750 extra

305 788 476 862 illas,
535 789 814 863 quoniam
859 786 1137 845 voluntas
1182 794 1276 846 est
1314 807 1469 866 quae
1510 790 1848 849 incenditur
1885 809 2118 865 amore,
2174 799 2234 851 et
2269 793 2438 868 cogi-

308 891 457 949 tatio
511 894 605 946 est
640 904 794 963 quae
831 885 1170 946 illustratur
1210 890 1270 945 in
1305 888 1486 948 rebus
1526 889 1699 965 fidei,
1759 898 2131 969 quapropter
2171 910 2288 951 non
2322 894 2442 952 nisi

311 1007 494 1067 quam
538 988 627 1048 illi
665 990 764 1065 qui
801 989 1105 1065 sapienter
1140 990 1405 1065 cogitare
1444 999 1733 1067 possunt,
1781 993 2183 1068 illustrantur,
2235 1010 2305 1054 ac
2333 1009 2437 1053 se—

310 1090 573 1152 cundum
613 1088 1068 1148 illustrationem
1103 1091 1368 1165 cogitant
1404 1109 1554 1150 vera
1591 1099 1650 1150 et
1685 1093 1898 1154 volunt
1934 1111 2096 1170 vera,
2137 1111 2248 1153 seu
2277 1092 2437 1171 quod

307 1191 494 1265 idem,
538 1189 789 1250 credunt
825 1207 972 1247 vcra
1013 1196 1071 1248 et
1108 1196 1308 1248 amant
1349 1210 1494 1250 vera
1525 1188 1651 1274 (m).

469 1294 631 1352 474.
707 1291 788 1349 At
822 1291 1131 1349 sciendum
1184 1297 1303 1366 est,
1364 1293 1523 1370 quod
1558 1296 1838 1354 voluntas
1884 1296 2068 1354 faciat
2112 1295 2433 1369 hominem,

309 1411 382 1455 ac
419 1395 700 1469 cogitatio
749 1393 925 1449 modo
974 1398 1261 1468 quantum
1310 1394 1702 1471 proceditcx
1757 1396 2098 1470 voluntate,
2173 1403 2231 1455 et
2277 1396 2437 1472 quod

305 1495 470 1555 facta
508 1499 613 1552 aut
656 1509 842 1570 opera
875 1493 1205 1568 procedant
1247 1512 1320 1553 ex
1368 1502 1625 1573 utraque
1640 1517 1657 1572 3
1715 1513 1859 1572 seu,
1919 1494 2078 1574 quod
2120 1497 2279 1556 idem
2325 1502 2436 1572 est,

308 1596 471 1675 quod
517 1612 685 1653 amor
718 1595 900 1653 faciat
933 1593 1268 1666 hominem,
1323 1613 1393 1656 ac
1427 1595 1577 1656 fides
1622 1599 1797 1658 modo
1839 1606 2123 1675 quantum
2166 1597 2438 1676 procedit

308 1715 387 1758 ex
436 1713 670 1771 amore,
730 1702 788 1756 et
832 1694 990 1772 quod
1037 1696 1197 1754 facta
1240 1713 1350 1756 seu
1400 1714 1588 1773 opera
1634 1700 1966 1777 procedant
2018 1717 2091 1758 ex
2141 1706 2433 1776 utraque3

303 1798 445 1859 inde
486 1799 781 1873 sequitur,
847 1794 1007 1872 quod
1056 1795 1336 1856 voluntas
1387 1805 1489 1856 aut
1531 1816 1698 1860 amor
1741 1803 1819 1859 sit
1863 1802 1995 1877 ipse
2031 1800 2240 1875 homo,
2297 1817 2435 1859 nam

306 1917 481 1977 quae·
508 1898 873 1976 procedunt,
932 1902 1070 1955 sunt
1105 1896 1264 1957 illius
1305 1916 1341 1956 a
1383 1917 1497 1975 quo
1552 1900 1914 1976 procedunt3
1970 1900 2302 1976 procedere
2341 1906 2435 1958 est

303 2000 558 2078 produci
594 2016 664 2059 ac
709 2001 840 2058 sisti
872 2000 927 2055 in
964 1997 1155 2056 forma
1191 2003 1581 2060 conveniente
1628 2007 1693 2059 ut
1737 2001 2185 2078 appercipiatur
2226 2006 2286 2059 et
2322 2016 2435 2077 ap-

304 2108 519 2179 pareat
552 2096 659 2182 (n).
741 2100 828 2158 Ex
874 2099 964 2157 his
1017 2106 1291 2159 constare
1338 2107 1571 2178 potest,
1641 2101 1784 2179 quid
1827 2101 1979 2162 fides
2026 2107 2312 2177 separata
2361 2098 2438 2157 ab

462 2270 570 2336 (m)
615 2268 784 2349 Quod
829 2268 976 2322 sicut
1018 2269 1211 2323 omnia
1254 2270 1312 2322 in
1352 2270 1664 2334 universO‚
1728 2288 1876 2342 quae
1918 2268 2233 2324 secundum
2280 2267 2435 2321 ordi-

305 2364 439 2400 nem
481 2347 763 2407 existunt‚
829 2362 888 2398 se
929 2345 1188 2399 referant
1241 2345 1312 2399 ad
1352 2346 1574 2400 bonurn
1615 2358 1673 2400 et
1716 2364 1950 2410 verum,
2020 2347 2096 2398 ita
2139 2344 2294 2416 apud
2334 2346 2432 2398 ho-

304 2423 519 2477 minem
566 2421 638 2476 ad
682 2423 1036 2474 voluntatem
1082 2432 1139 2475 et
1180 2422 1569 2487 intellectum,
1631 2440 1699 2474 n:
1759 2429 1890 2483 803.
1936 2428 2142 2482 10122.
2227 2420 2429 2484 Causa,

306 2499 444 2573 quia
486 2498 753 2551 voluntas
796 2507 881 2551 est
923 2499 1214 2570 recipiens
1255 2497 1427 2562 boni,
1474 2509 1531 2550 et
1574 2497 1909 2566 intellectus
1952 2495 2243 2567 recipiens
2281 2494 2431 2559 veri,

305 2594 378 2630 n:
435 2583 603 2636 3332.
651 2583 817 2645 3623·
862 2583 1027 2635 5232·
1078 2583 1244 2634 6065-
1297 2577 1476 2634 6125.’
1515 2582 1683 2634 7503.
1730 2582 1898 2634 9300.
1947 2579 2118 2632 9930.
2213 2570 2432 2623 Eodem

305 2652 551 2717 recidit,
607 2651 731 2705 sive
773 2651 929 2704 dicas
983 2668 1186 2704 verum
1242 2649 1364 2702 sive
1417 2649 1621 2713 fidem,
1686 2649 1822 2720 quia
1874 2648 2014 2701 fides
2067 2656 2155 2700 cst
2193 2646 2318 2699 veri
2363 2663 2430 2699 ac

304 2746 511 2784 verum
555 2739 641 2782 est
681 2728 848 2792 fidei,
891 2744 956 2779 ac
1000 2728 1204 2781 eodem
1245 2725 1457 2779 recidit
1497 2727 1620 2778 sive
1662 2725 1818 2779 dicas
1856 2724 2076 2778 bonum
2117 2722 2240 2775 sive
2280 2738 2433 2774 amo-

302 2823 462 2870 rem,
506 2805 642 2878 quia
683 2821 847 2857 amor
889 2813 974 2855 est
1012 2802 1154 2856 boni
1198 2811 1254 2855 et
1295 2801 1514 2854 honum
1551 2812 1637 2855 est
1669 2800 1904 2864 amoris,
1949 2817 2017 2851 n:
2062 2806 2229 2859 4353.
2262 2805 2432 2859 4997.

305 2889 474 2943 7178.
519 2888 724 2942 10122·
765 2887 972 2940 10367.
1054 2878 1197 2931 Inde
1238 2877 1533 2949 sequitur,
1594 2877 1750 2949 quod
1794 2876 2121 2930 intellectus
2164 2875 2239 2929 sit
2282 2874 2430 2927 reci·

301 2960 472 3031 piens
513 2957 680 3019 fidei,
749 2966 805 3009 et
856 2956 1128 3008 voluntas
1169 2954 1417 3017 amoriS,
1479 2971 1549 3005 n:
1607 2961 1777 3014 7178.
1823 2959 2027 3013 10122.
2071 2959 2279 3012 10367.
2360 2952 2434 3003 Et

305 3035 441 3108 quia
484 3033 811 3087 intellectus
851 3031 1104 3084 hominis
1143 3031 1411 3101 recipere
1452 3039 1646 3100 potest
1683 3029 1856 3084 fidem
1898 3030 1957 3082 in
1991 3032 2196 3093 Deum,
2240 3037 2298 3080 et
2331 3043 2430 3080 vo-

302 3112 494 3164 luntas
535 3127 794 3163 amorem
838 3108 896 3160 in
938 3108 1141 3171 Deum,
1186 3105 1343 3178 quod
1383 3108 1556 3159 homo
1600 3107 1785 3179 possit
1825 3105 1934 3159 fide
1977 3115 2032 3158 ct
2063 3121 2261 3158 amore
2297 3120 2431 3155 con-

300 3187 461 3260 jungi
505 3186 661 3248 Deo,
708 3195 765 3238 et
807 3184 905 3255 qui
950 3182 1221 3254 conjungi
1266 3192 1458 3254 potest
1499 3184 1624 3235 Deo
1665 3199 1863 3236 amore
1905 3191 1962 3235 et
1986 3181 2118 3243 fide,
2161 3196 2279 3233 non
2305 3188 2432 3251 pot-

301 3273 391 3317 est
428 3262 580 3316 mori
623 3261 682 3313 in
724 3270 1053 3323 aeternum,
1096 3272 1168 3311 n:
1210 3266 1379 3320 4525.
1424 3266 1592 3319 6323.
1637 3268 1804 3320 9231.

456 3339 548 3405 (n)
592 3337 762 3413 Quod
803 3338 1069 3391 voluntas
1111 3336 1361 3390 hominis
1390 3336 1465 3388 sit
1498 3335 1687 3407 ipsum
1719 3353 1842 3389 csse
1876 3334 2026 3388 vitae
2069 3332 2247 3396 illius,
2293 3330 2431 3401 quia

304 3424 391 3468 est
429 3415 861 3483 receptaculum
904 3414 1118 3466 amoris
1160 3430 1261 3465 scu
1299 3412 1476 3475 boni,
1540 3422 1597 3463 ct
1651 3410 1807 3483 quod
1851 3409 2181 3462 intellectus
2223 3406 2298 3459 sit
2338 3423 2433 3458 ex-

304 3490 481 3542 istere
521 3491 676 3542 vitae
717 3489 870 3553 inde,
915 3489 1049 3562 quia
1080 3498 1167 3542 est
1193 3486 1623 3558 receptaculum
1654 3486 1784 3540 fidei
1823 3502 1923 3538 seu
1954 3483 2098 3546 veri,
2143 3499 2212 3533 n:
2258 3488 2429 3541 3619.

303 3572 473 3624 5002-
511 3571 682 3624 9282.
762 3565 847 3615 Ita
887 3565 1044 3635 quod
1083 3564 1203 3617 vita
1243 3562 1561 3615 voluntatis
1596 3562 1671 3614 sit
1708 3562 1827 3615 vita
1869 3558 2206 3631 principalis
2247 3557 2428 3611 homi-

300 3642 423 3704 nis,
468 3650 525 3693 et
565 3637 723 3711 quod
765 3638 880 3690 vita
916 3639 1244 3692 intellectus
1281 3637 1561 3709 procedat
1602 3636 1754 3700 inde,
1799 3654 1867 3688 n:
1913 3642 2040 3695 585.
2085 3642 2216 3694 590.
2257 3641 2426 3694 3619.

304 3723 476 3777 7342.
519 3721 690 3776 8885.
747 3721 913 3773 9282.
964 3722 1170 3773 10076.
1216 3721 1421 3774 10109.
1470 3719 1676 3772 10110.
1770 3710 2053 3766 Similiter
2108 3720 2171 3763 ut
2222 3709 2317 3761 iux
2359 3727 2427 3763 ex

261 3794 430 3865 -igne
474 3809 576 3845 seu
616 3788 869 3851 flamma,
932 3806 998 3842 n:
1044 3796 1211 3848 6032.
1254 3795 1421 3848 6314.
1523 3786 1664 3840 lnde
1721 3786 1985 3860 sequitur
2039 3786 2196 3858 quod
2251 3788 2426 3839 homo

303 3871 378 3924 sit
415 3870 591 3924 homo
627 3883 695 3919 ex
740 3866 1038 3918 voluntate
1080 3874 1139 3918 et
1180 3863 1313 3917 inde
1355 3863 1674 3925 intellectu,
1719 3881 1786 3916 n:
1832 3871 1998 3926 8911.
2043 3870 2210 3922 9069.
2253 3870 2424 3924 9071.

303 3954 512 4007 10076.
564 3950 771 4004 10109.
829 3949 1029 4004 10110.
1127 3940 1535 4014 Unusquisque
1576 3939 1748 3993 etiam
1789 3941 1962 3994 homo
2004 3938 2076 3991 ab
2112 3939 2242 3991 aliis
2282 3957 2429 3993 ama-

300 4032 399 4076 tur
457 4031 514 4073 et
558 4019 894 4073 aestimatur
954 4015 1267 4071 secundum
1329 4016 1549 4069 bonum
1614 4032 1747 4069 suae
1807 4015 2123 4068 voluntatis
2182 4025 2240 4070 et
2299 4014 2432 4069 indo

302 4096 664 4166 intellectus,
723 4107 948 4149 amatur
998 4093 1150 4147 enim
1207 4104 1262 4146 et
1322 4094 1661 4148 aestimatur
1715 4092 1813 4165 qui
1872 4092 1998 4145 vult
2050 4091 2199 4145 bene
2242 4102 2299 4144 ct
2347 4091 2428 4142 in·

301 4172 513 4244 telligit
551 4172 733 4233 bene,
778 4190 843 4226 ac
885 4171 1153 4239 rejicitur
1195 4180 1253 4223 et
1298 4170 1685 4242 vilipenditur
1726 4170 1823 4241 qui
1869 4168 2142 4239 intelligit
2182 4167 2331 4220 hene
2373 4176 2432 4217 et

297 4266 426 4303 non
476 4248 596 4301 vult
638 4248 818 4312 bene,
880 4267 951 4305 nx
996 4255 1165 4309 8911.
1225 4255 1431 4309 10076.
1528 4244 1699 4324 Quod
1754 4249 1926 4299 homo
1990 4254 2123 4314 post
2179 4251 2428 4294 mortem

302 4325 475 4380 ctiam
520 4334 740 4378 maneat
783 4324 930 4377 sicut
971 4323 1094 4402 cius
1134 4323 1403 4377 voluntas
1450 4332 1505 4375 ct
1550 4320 1682 4374 inde
1727 4320 2085 4382 intellectus,
2143 4334 2210 4369 ηε
2256 4323 2425 4384 9069.
