3013 5114
488 419 904 475 UNIVERSUM
945 420 1239 475 COELUM
1277 420 1560 476 REFERT
1601 421 1803 477 UNUM
1845 419 2200 476 HOMINEM.
2348 435 2412 486 31

298 584 518 655 forma,
562 579 839 641 Societas
878 583 937 639 in
970 581 1214 657 majore,
1257 589 1316 641 et
1352 599 1558 641 omnes
1597 581 1933 642 Societates
1970 580 2148 640 simul
2185 590 2417 643 sumtae

297 686 356 741 in
392 684 673 740 maxima.
766 680 942 756 Quod
975 681 1260 740 Divinum
1299 682 1543 741 Domini
1586 682 1767 742 faciat
1814 682 2091 756 Coelum,
2149 690 2210 742 et
2259 684 2420 759 quod

297 786 376 842 sit
415 800 594 842 omne
636 784 699 841 in
734 782 1036 857 omnibus,
1094 783 1369 841 videatur
1404 799 1592 858 supra
1624 801 1697 841 n:
1748 789 1780 842 7
1817 783 1894 841 ad
1930 786 2037 841 12.

299 967 562 1065 Quod
613 967 1122 1036 universum
1175 965 1538 1041 Coelum
1590 967 1676 1036 in
1729 994 1905 1039 uno
1960 969 2421 1068 complexu

767 1067 1116 1137 referat
1167 1092 1425 1136 unum
1475 1068 1951 1138 Hominem.

465 1229 575 1287 59.
637 1226 814 1302 Quod
866 1225 1116 1285 Coelum
1164 1229 1224 1283 in
1264 1233 1388 1286 toto
1436 1226 1756 1302 complexu
1805 1227 2030 1285 referat
2066 1245 2247 1287 unum
2287 1230 2418 1288 Ho-

298 1331 551 1401 minem,
609 1334 705 1387 est
755 1343 1040 1385 areanum
1093 1328 1352 1385 nondum
1402 1331 1462 1386 in
1527 1326 1748 1386 mundo
1798 1334 2002 1386 notum
2018 1350 2034 1405 3
2099 1331 2160 1387 in
2223 1328 2421 1390 Coelis

301 1436 507 1489 autem
559 1436 654 1487 est
701 1429 1113 1500 notissimum3
1168 1428 1230 1486 id
1276 1430 1464 1501 scire,
1532 1438 1604 1487 ac
1653 1427 1939 1503 specifica
1987 1437 2047 1489 et
2093 1430 2424 1506 singularia

303 1531 377 1590 de
440 1545 545 1603 e0‚
611 1534 707 1587 est
748 1529 1143 1603 praecipuum
1203 1529 1636 1604 intelligentiae
1696 1528 2066 1605 Angelorum
2111 1531 2224 1605 ibi,
2283 1531 2423 1590 inde

304 1632 485 1690 etiam
518 1628 786 1704 pendent
817 1627 1024 1703 plura,
1067 1646 1222 1703 quae
1261 1628 1492 1705 absque
1529 1628 1632 1686 illo
1668 1635 1734 1687 ut
1768 1646 1881 1688 suo
1919 1633 2215 1690 communi
2251 1634 2420 1707 prin-

300 1732 458 1808 cipio
494 1746 616 1788 non
651 1729 926 1787 distincte
971 1734 1032 1786 et
1079 1728 1241 1787 clare
1287 1730 1577 1787 intrarent
1623 1732 1684 1787 in
1723 1729 1891 1788 ideas
1940 1734 2155 1790 mentis
2198 1748 2423 1793 eorum.

307 1831 467 1907 Quia
502 1831 730 1903 sciunt,
786 1829 944 1903 quod
986 1845 1191 1887 omnes
1231 1827 1399 1887 Coeli
1434 1846 1558 1886 una
1595 1846 1732 1887 cum
1777 1828 2177 1890 Societatibus
2217 1849 2424 1892 eorum

299 1932 567 1991 reserant
601 1947 786 1987 unum
824 1930 1142 1999 hominem,
1189 1929 1326 1987 ideo
1364 1930 1544 1987 etiam
1588 1927 1835 1987 Coelum
1871 1938 2087 1988 vocant
2113 1932 2424 1991 MAxmuM
2491 1920 2494 1923 “

303 2040 366 2091 et
399 2032 684 2091 Dwmnm
716 2030 1023 2089 Homnmm
1066 2025 1260 2110 (ooo),
1316 2028 1603 2088 Divinum
1650 2046 1726 2088 ex
1769 2046 1871 2102 eo,
1945 2030 2104 2105 quod
2138 2031 2423 2089 Divinum

302 2133 547 2192 Domini
583 2131 769 2189 faciat
805 2130 1091 2205 Coelu1n3
1139 2130 1276 2189 vide
1316 2146 1504 2207 supra
1549 2148 1617 2188 n:
1664 2136 1696 2189 7
1732 2129 1809 2188 ad
1846 2133 1955 2187 12.

465 2234 576 2291 60.
645 2230 823 2306 Quod
858 2230 1159 2291 Coelestia
1199 2237 1260 2290 et
1295 2229 1645 2307 Spiritualia
1679 2233 1739 2289 in
1773 2229 1939 2288 illam
1976 2231 2226 2290 formam
2268 2239 2328 2290 et
2362 2233 2423 2290 in

298 2334 468 2393 illam
501 2333 824 2407 imaginem
851 2331 1119 2390 ordinata
1156 2338 1215 2390 et
1252 2333 1569 2409 conjuncta
1602 2334 1736 2406 sint,
1776 2349 1894 2389 non
1934 2330 2422 2408 percipere'pos-

307 2439 451 2493 sunt
486 2433 587 2508 qui
638 2431 712 2490 de
755 2431 1201 2508 spiritualibus,
1260 2437 1321 2489 et
1369 2431 1737 2491 coelestibus
1788 2448 1906 2489 non
1958 2433 2188 2507 justam
2229 2432 2427 2492 ideam

303 2534 563 2607 habent,
621 2534 887 2609 cogitant
937 2531 1053 2608 illi,
1132 2532 1290 2608 quod
1349 2533 1663 2591 terrestria
1727 2539 1787 2590 et
1839 2532 2201 2606 materialia,
2272 2548 2427 2608 quae

306 2639 674 2711 componunt
722 2633 994 2692 ultimum
1045 2634 1299 2692 hominis
1314 2677 1330 2706 ,
1386 2632 1609 2689 faciant
1640 2630 1841 2705 illum,
1904 2637 1963 2689 et
1998 2632 2160 2706 quod
2195 2631 2426 2707 absque

302 2737 425 2795 illis
453 2736 631 2794 homo
659 2752 778 2793 non
806 2737 885 2793 sit
918 2735 1129 2793 homo:
1173 2732 1283 2790 sed
1319 2734 1530 2805 sciant,
1572 2730 1731 2805 quod
1765 2731 1942 2789 homo
1981 2748 2099 2789 non
2131 2733 2212 2790 sit
2245 2732 2423 2792 homo

306 2854 383 2895 ex
418 2836 538 2894 illis
550 2880 565 2910 ,
613 2835 722 2894 sed
758 2852 834 2895 ex
869 2852 940 2894 eo
979 2834 1139 2911 quod
1173 2832 1508 2908 intelligere
1536 2834 1729 2907 possit
1764 2848 1977 2890 verum
2020 2838 2080 2891 et
2113 2832 2273 2894 velle
2308 2834 2422 2893 bo-

305 2955 478 3012 num3
534 2934 686 2995 haee
723 2942 862 2994 sunt
896 2934 1230 3010 spiritualia
1276 2939 1337 2992 et
1372 2932 1695 3002 coelestia,
1759 2950 1913 3008 quae
1960 2934 2188 2993 faciunt
2223 2934 2420 2994 homi-

309 3054 462 3095 nem.
534 3037 716 3120 Novit
753 3039 928 3095 etiam
965 3035 1172 3105 homo,
1214 3034 1372 3109 quod
1408 3036 1664 3109 quisque
1703 3033 1841 3091 talis
1877 3033 2054 3092 homo
2092 3037 2188 3108 sit,
2230 3035 2423 3110 qualis

308 3144 403 3196 est
441 3137 640 3212 quoad
676 3136 1046 3195 intellectum
1077 3141 1137 3192 et
1175 3134 1575 3209 voluntatem3
1617 3141 1677 3193 et
1713 3150 1951 3212 quoque
1988 3151 2167 3193 nosse
2203 3141 2423 3211 potest,

308 3236 470 3313 quod
503 3243 790 3296 terrestre
841 3238 971 3312 ejus
1012 3251 1228 3309 eorpus
1275 3235 1351 3291 sit
1386 3235 1702 3292 formatum
1756 3234 1833 3292 ad
1881 3235 2262 3294 serviendum
2302 3235 2421 3294 illis

304 3340 367 3397 in
402 3338 651 3411 mundo,
712 3343 773 3395 et
806 3336 884 3395 ad
919 3336 1296 3394 conformiter
1330 3334 1761 3409 praestandum
1796 3333 1916 3392 illis
1952 3351 2101 3393 usus
2126 3338 2189 3393 in
2214 3335 2424 3393 ultima

306 3445 564 3499 naturae
591 3437 880 3513 sphaera3
928 3436 1065 3494 ideo
1097 3437 1273 3493 etiam
1314 3451 1533 3509 corpus
1574 3435 1718 3492 nihil
1756 3436 1882 3509 agit
1918 3451 1990 3492 ex
2025 3451 2111 3507 se,
2152 3434 2262 3493 sed
2288 3436 2422 3509 agi-

306 3545 404 3596 tur
455 3554 705 3614 prorsus
769 3537 1130 3612 obsequiose
1185 3535 1260 3592 ad
1310 3541 1494 3592 nutus
1547 3522 1889 3593 intellectus
1955 3540 2016 3591 et
2078 3532 2422 3609 voluntatis»,

305 3656 501 3714 usque
538 3639 691 3697 adeo
721 3644 788 3696 ut
822 3636 1103 3713 quicquid
1130 3634 1304 3693 homo
1334 3636 1587 3710 cogitat,
1648 3634 1932 3710 loquatur
1965 3632 2172 3709 lingua
2207 3641 2266 3694 et
2301 3652 2421 3710 ore,

310 3749 371 3800 et
398 3739 683 3815 quicquid
721 3736 866 3811 vult,
905 3738 1087 3795 saciat
1124 3752 1372 3811 corpore
1411 3742 1470 3792 et
1510 3733 1822 3807 men1briS‚
1861 3734 1950 3792 sic
1985 3740 2050 3792 ut
2085 3734 2426 3796 intellectus

311 3850 371 3899 et
405 3840 685 3898 voluntas
723 3840 804 3897 sit
838 3839 1084 3906 faciens,
1123 3843 1182 3895 et
1215 3834 1360 3893 nihil
1397 3849 1618 3909 corpus
1657 3851 1693 3891 a
1729 3849 1823 3892 se:
1868 3834 2006 3893 inde
2042 3842 2227 3912 patet,
2268 3835 2429 3912 quod

460 4089 632 4154 (ooo)
698 4087 862 4153 Quod
911 4087 1153 4141 Coelum
1200 4085 1255 4138 in
1304 4095 1431 4138 toto
1476 4086 1782 4154 complexu
1822 4095 2099 4156 appareat
2140 4085 2199 4137 in
2239 4083 2430 4139 forma

309 4166 459 4218 sicut
509 4168 730 4226 Romu,
794 4174 850 4217 et
906 4163 1062 4235 quod
1116 4162 1352 4215 Coelum
1409 4158 1543 4214 inde
1596 4160 1825 4214 dicatur
1877 4161 2157 4214 Maximus
2213 4163 2428 4226 Homo,

307 4249 604 4378 232ξ996.
662 4248 830 4301 2998.
889 4247 1037 4302 3624
1077 4239 1149 4292 ad
1192 4245 1358 4298 3649.
1414 4245 1562 4297 3636
1606 4237 1674 4290 ad
1731 4245 1899 4298 3643.
1957 4245 2101 4297 3741
2146 4236 2218 4290 ad
2259 4244 2427 4297 3745.

350 4327 401 4377 6·
467 4355 480 4369 ·
