3013 5114
635 430 743 482 34
1242 415 1338 471 ns
1380 413 1618 470 cosLo
1659 411 1756 467 ET
1793 410 2137 485 musano.

633 578 777 640 Sole
811 575 1044 651 mundi,
1101 581 1196 635 est
1232 573 1413 636 Calor
1444 572 1764 647 naturalis,
1822 574 1924 649 qui
1957 573 2019 631 in
2054 586 2170 630 sua
2203 571 2470 630 essentia
2503 586 2624 628 non
2659 576 2757 631 est

633 697 833 754 amor,
875 676 986 736 sed
1009 678 1260 736 inservit
1293 675 1480 735 calori
1515 672 1813 752 spirituali
1843 689 1955 733 seu
1981 672 2172 731 amori
2195 688 2308 748 pro
2334 671 2754 747 receptaculo:

634 777 795 858 quod
829 795 1023 852 amor,
1076 779 1138 836 in
1175 792 1289 836 sua
1323 777 1588 835 essentia
1626 777 1705 833 sit
1738 772 1934 848 calor,
1990 778 2267 832 constare
2305 778 2511 848 potest
2547 789 2624 832 ex
2655 775 2756 831 in-

632 879 998 939 calescentia
1048 879 1232 936 animi
1285 884 1345 936 et
1394 875 1533 934 inde
1576 877 1844 952 corporis
1893 891 1970 932 ex
2016 890 2253 949 amore,
2309 879 2372 932 et
2423 872 2760 934 secundum

633 980 766 1056 ejus
804 977 1053 1056 gradum
1090 985 1151 1038 et
1190 979 1320 1055 ejus
1358 976 1567 1054 quale,
1625 983 1686 1035 et
1709 974 1828 1034 hoc
1856 975 2017 1051 apud
2042 974 2340 1033 hominem
2370 990 2565 1049 aeque
2601 976 2759 1052 hye-

632 1097 731 1139 me
767 1097 837 1138 ac
872 1085 1135 1149 aestate,
1186 1086 1312 1136 tum
1351 1093 1589 1155 quoque
1629 1093 1702 1134 ex
1738 1074 2168 1135 incalescentia
2201 1075 2541 1152 sanguinis3
2599 1073 2765 1151 quod

635 1181 802 1241 calor
847 1179 1166 1254 naturalis,
1222 1180 1326 1254 qui
1374 1194 1450 1236 ex
1498 1176 1629 1236 sole
1678 1175 1882 1234 mundi
1931 1177 2166 1247 existit,
2235 1177 2526 1234 inserviat
2571 1175 2766 1235 calori

639 1279 937 1358 spirituali
975 1297 1085 1356 pro
1125 1278 1542 1354 receptaculo,
1610 1282 1846 1336 constat
1888 1293 1962 1335 ex
1999 1275 2200 1335 calore
2236 1278 2506 1351 corporis
2543 1278 2650 1354 qui
2683 1293 2767 1334 ex

636 1381 838 1440 calore
879 1381 1011 1457 ejus
1055 1381 1305 1457 spiritus
1355 1379 1790 1451 exsuscitatur,
1848 1383 1909 1435 et
1947 1377 2005 1435 ei
2047 1378 2487 1452 succenturiat3
2541 1378 2761 1453 impri-

606 1483 748 1541 smis
785 1498 861 1539 ex
896 1481 1096 1539 calore
1133 1495 1319 1540 verno
1364 1484 1425 1537 et
1472 1479 1707 1536 aestivo
1757 1476 1921 1552 apud
1949 1478 2147 1536 omnis
2183 1479 2421 1554 generis
2458 1475 2770 1550 animalia,

636 1597 791 1658 quae
827 1587 969 1639 tunc
1003 1583 1066 1639 in
1101 1595 1336 1638 amores
1373 1594 1519 1637 suos
1557 1579 1876 1655 quotannis
1910 1577 2200 1652 redeunt3
2248 1595 2368 1636 non
2403 1579 2561 1655 quod
2597 1577 2768 1639 calor

632 1680 736 1740 ille
771 1680 833 1739 id
858 1680 1069 1751 saciat,
1122 1678 1231 1738 sed
1272 1681 1413 1755 quia
1456 1678 1559 1738 ille
1612 1677 1876 1754 disponit
1924 1694 2182 1754 corpora
2224 1694 2434 1737 eorum
2477 1678 2555 1738 ad
2599 1679 2765 1738 reci-

635 1780 919 1857 piendum
957 1779 1218 1840 calorem
1238 1824 1253 1853 ,
1314 1782 1417 1856 qui
1445 1795 1477 1839 e
1512 1777 1733 1837 mundo
1760 1777 2061 1854 spirituali
2088 1781 2266 1837 etiam
2306 1779 2469 1855 apud
2501 1779 2641 1839 illos
2668 1781 2770 1838 in-

635 1882 792 1955 fluit,
832 1898 970 1939 nam
1005 1880 1261 1939 mundus
1297 1876 1627 1957 spiritualis
1665 1878 1855 1936 influit
1887 1879 1950 1936 in
1984 1877 2335 1953 naturalem,
2382 1881 2545 1940 sicut
2572 1895 2772 1939 causa

639 1985 700 2040 in
736 1981 1043 2056 effectum3
1101 1983 1204 2057 qui
1238 1981 1451 2053 credit,
1510 1979 1672 2056 quod
1719 1978 1883 2038 calor
1928 1979 2218 2038 naturalis
2252 1979 2552 2056 producat
2593 1996 2769 2039 amo-

637 2098 738 2140 res
774 2081 1044 2152 illorum,
1103 2080 1352 2138 multum
1401 2080 1659 2154 fallitur,
1713 2097 1852 2137 nam
1897 2078 2158 2138 influxus
2194 2086 2289 2139 est
2321 2079 2529 2139 mundi
2576 2081 2767 2157 spiri-

636 2181 820 2238 tualis
855 2174 915 2236 in
951 2179 1235 2237 mundum
1268 2178 1635 2250 naturalem,
1691 2185 1750 2238 et
1795 2195 1913 2237 non
1965 2178 2169 2237 mundi
2206 2180 2497 2239 naturalis
2533 2182 2597 2240 in
2631 2182 2767 2257 spi-

638 2278 944 2353 ritualem,
1000 2285 1063 2338 et
1111 2281 1302 2337 omnis
1345 2296 1546 2352 amor,
1614 2281 1755 2355 quia
1804 2285 1901 2338 est
1950 2281 2142 2357 ipsius
2192 2281 2385 2351 vitae,
2438 2286 2532 2341 est
2580 2282 2771 2358 spiri-

641 2379 851 2455 tualis3
891 2385 1015 2438 tum
1058 2381 1160 2456 qui
1198 2379 1418 2449 credit,
1456 2379 1616 2456 quod
1653 2378 1881 2456 anquid
1918 2383 2142 2440 existat
2163 2381 2224 2438 in
2251 2379 2471 2440 mundo
2505 2381 2775 2442 naturali

643 2480 871 2556 absque
920 2480 1147 2538 influxu
1185 2480 1388 2539 mundi
1441 2480 1803 2559 spiritualis,
1860 2482 2042 2539 etiam
2088 2479 2319 2540 fallitur
2336 2527 2352 2555 ,
2407 2499 2547 2541 nam
2582 2488 2771 2541 natu-

645 2581 772 2641 rale
808 2597 926 2641 non
966 2583 1172 2652 existit,
1207 2587 1267 2641 et
1306 2581 1581 2642 subsistit
1608 2584 1724 2640 nisi
1751 2599 1931 2658 quam
1959 2599 2034 2641 ex
2068 2582 2398 2659 spirituali3
2435 2589 2497 2643 et
2524 2600 2771 2662 quoque

650 2682 929 2759 subjecta
960 2680 1156 2758 Regni
1197 2682 1555 2758 vegetabilis
1584 2699 1658 2741 ex
1683 2682 1912 2740 influxu
1937 2681 2075 2741 inde
2103 2681 2332 2742 ducunt
2367 2699 2512 2743 suas
2548 2685 2776 2761 germi-

644 2784 953 2856 nationes,
1009 2782 1174 2843 calor
1216 2782 1509 2842 naturalis
1528 2826 1544 2855 ,
1602 2783 1704 2858 qui
1746 2787 1839 2841 est
1881 2788 2153 2859 tempore
2200 2785 2361 2843 veris
2400 2791 2463 2844 et
2496 2786 2773 2859 aestatiS,

647 2882 910 2959 disponit
944 2882 1119 2941 modo
1162 2883 1394 2941 semina
1430 2884 1491 2940 in
1525 2881 1834 2941 naturales
1870 2898 2016 2941 suas
2051 2883 2307 2953 formas,
2369 2883 2770 2960 expandendo

648 2987 712 3041 et
745 2976 1101 3056 aperiendo,
1153 2987 1219 3039 ut
1252 2982 1512 3042 influxus
1551 3000 1583 3042 e
1621 2982 1919 3060 spirituali
1955 2983 2171 3042 mundo
2207 2983 2290 3041 ibi
2324 2990 2468 3061 agat
2503 3000 2774 3045 causam.

646 3080 819 3142 Haec
857 3078 1043 3137 allata
1076 3086 1246 3152 sunt,
1299 3088 1368 3140 ut
1415 3083 1642 3141 sciatur
1689 3082 1851 3160 quod
1891 3082 2015 3141 bini
2064 3082 2295 3144 calores
2344 3086 2514 3159 sint,
2552 3102 2777 3162 nempe

650 3178 981 3257 spiritualis
1028 3184 1089 3238 et
1129 3180 1451 3255 naturalis,
1519 3188 1582 3240 et
1617 3183 1777 3259 quod
1827 3181 1991 3242 calor
2026 3183 2355 3261 spiritualis
2392 3185 2473 3243 sit
2508 3202 2586 3245 ex
2629 3183 2779 3246 Sole

655 3279 853 3352 Coeli,
908 3285 968 3338 et
1002 3278 1165 3338 calor
1198 3280 1490 3340 naturalis
1529 3298 1605 3340 ex
1641 3280 1785 3343 Sole
1821 3282 2051 3358 mundi,
2116 3300 2187 3343 ac
2224 3282 2385 3361 quod
2421 3285 2682 3345 influxus
2712 3291 2782 3345 et

653 3382 793 3444 dein
829 3383 1171 3457 cooperatio
1206 3383 1425 3440 sistant
1459 3381 1707 3443 effectus
1719 3427 1736 3458 ,
1777 3386 1880 3460 qui
1920 3390 2218 3460 apparent
2250 3401 2452 3445 coram
2489 3386 2682 3446 oculis
2710 3388 2780 3445 in

651 3481 872 3544 mundo
910 3477 1058 3563 (kk).

816 3582 977 3642 568.
1058 3580 1238 3641 Calor
1284 3582 1615 3660 spiritualis
1664 3582 1829 3660 apud
1888 3581 2190 3645 hominem
2239 3591 2334 3646 est
2381 3584 2564 3646 Calor
2608 3588 2777 3648 vitae

658 3684 823 3760 ejus,
873 3684 1043 3758 quia,
1095 3691 1382 3760 utsupra
1416 3683 1642 3744 dictum
1689 3688 1812 3759 est,
1866 3684 1930 3742 in
1979 3700 2094 3743 sua
2136 3689 2405 3747 essentia
2438 3693 2534 3747 est
2569 3703 2774 3765 amor-3

814 3915 940 3979 (kk)
984 3916 1156 3991 Quod
1196 3916 1442 3973 influxus
1484 3921 1559 3975 sit
1598 3920 1797 3974 mundi
1839 3921 2160 3992 spiritualis
2200 3923 2260 3975 in
2302 3923 2578 3977 mundum
2617 3933 2781 3978 natu·

660 3987 863 4051 ralem,
907 4006 974 4041 nx
1022 3997 1168 4049 6053
1203 3990 1274 4044 ad
1309 4000 1478 4054 6058.
1524 4004 1671 4056 6189
1711 3997 1782 4051 ad
1810 4006 1977 4058 6215·
2025 4005 2172 4058 6307
2201 3997 2272 4052 ad
2305 4007 2473 4060 6327.
2522 4006 2673 4061 6466
2708 3998 2784 4053 ad

664 4070 836 4125 6495.
882 4070 1028 4123 6598
1062 4064 1133 4116 ad
1171 4073 1336 4125 6626.
1418 4067 1583 4132 Quod
1627 4070 1796 4124 etiam
1841 4072 2087 4127 influxus
2142 4075 2217 4128 sit
2277 4074 2335 4127 iu
2374 4075 2523 4128 vitas
2565 4076 2781 4128 anima-

659 4140 834 4203 lium,
896 4156 965 4191 n:
1011 4146 1180 4199 5850.
1260 4139 1332 4194 Et
1372 4160 1609 4214 quoque
1662 4145 1721 4198 in
1774 4147 2256 4221 subjecta-Regni
2297 4150 2674 4223 vegetabilis,
2707 4168 2777 4203 n:

665 4223 835 4277 3648.
917 4215 1087 4293 Quod
1127 4214 1372 4270 influxus
1425 4217 1525 4272 ille
1574 4220 1649 4273 sit
1687 4222 1997 4278 continuus
2047 4236 2289 4280 conatus
2330 4226 2536 4298 agendi
2579 4243 2780 4281 secun·

663 4291 798 4345 dum
839 4290 1111 4346 Divinum
1152 4290 1437 4360 ordinem,
1480 4311 1548 4347 n:
1594 4303 1738 4358 6211
1783 4298 1825 4356 f.
