3013 5114
548 430 655 484 144
784 406 793 414 ‘
1150 421 1243 473 oe
1290 418 1526 474 como
1569 418 1667 473 ET
1705 416 2040 472 1NFERNO.

544 587 630 642 tia
670 583 885 642 crescit
924 598 1138 641 versus
1176 584 1500 653 interiora,
1559 586 1620 639 et
1661 578 1968 656 perficitur
2003 576 2331 636 secundum
2371 579 2656 653 aperitio-

545 703 682 742 nem
737 700 977 756 eorum,
1059 699 1132 740 n:
1228 683 1391 742 208.
1470 684 1632 740 267.
1746 679 1903 754 Quia
1953 679 2240 737 interiora
2289 677 2663 754 Angelorum

553 785 741 844 Tertii
778 799 888 842 seu
932 784 1123 841 intimi
1161 781 1329 841 Coeli
1372 782 1448 841 ad
1490 783 1728 841 tertium
1765 778 2016 856 gradum
2051 785 2265 856 aperta
2299 787 2467 853 sunt,
2521 778 2661 839 ideo

552 892 693 944 sunt
732 884 849 943 inis
902 901 1048 941 vcra
1095 883 1318 941 Divina
1365 886 1539 960 quasi
1586 884 1903 956 inscripta,
1977 897 2119 938 nam
2170 881 2453 939 interiora
2503 881 2667 939 tertii

553 985 773 1063 gradus
795 1029 811 1059 ,
867 1002 1014 1060 prae
1051 983 1434 1042 interioribus
1471 983 1721 1042 secundi
1757 989 1817 1040 et
1855 983 2031 1057 primi
2066 979 2324 1056 gradus»,
2376 983 2439 1038 in
2472 981 2665 1039 forma

557 1088 712 1147 coeli
746 1091 917 1154 sunt,
976 1091 1036 1144 et
1096 1085 1285 1142 forma
1327 1084 1481 1144 coeli
1530 1092 1624 1144 est
1671 1101 1747 1141 ex
1798 1083 2017 1140 Divino
2060 1081 2251 1156 Ver0,
2314 1082 2400 1139 ita
2446 1098 2666 1141 secun-

559 1188 701 1246 dum
748 1187 1032 1245 Divinam
1082 1160 1437 1262 sapientiam
1453 1206 1469 1262 3
1523 1185 1660 1244 inde
1710 1190 1831 1253 est,
1898 1183 2058 1260 quod
2107 1182 2226 1240 illis
2265 1181 2514 1258 Angelis
2552 1201 2665 1261 ap-

560 1293 814 1366 pareant
861 1287 1082 1347 Divina
1118 1286 1282 1345 Vera
1324 1289 1479 1344 sicut
1514 1287 1839 1362 inscripta,
1894 1290 1998 1343 aut
2034 1286 2189 1342 sicut
2232 1284 2414 1340 insita
2461 1289 2522 1342 et
2566 1285 2661 1342 in·

557 1396 728 1447 nata:
781 1369 1146 1464 quapropter
1180 1388 1296 1460 illi,
1356 1394 1417 1444 ut
1463 1389 1722 1463 primum
1764 1381 2015 1443 audiunt
2052 1386 2311 1461 genuina
2347 1384 2513 1442 Vera
2544 1385 2660 1444 Di-

558 1495 729 1564 vina,
786 1488 886 1546 illa
923 1491 1125 1547 statim
1176 1494 1508 1564 agnoscunt
1564 1494 1624 1546 et
1676 1489 2045 1563 percipiunt,
2117 1493 2179 1545 et
2222 1492 2438 1561 postea
2489 1487 2666 1562 quasi

555 1590 760 1648 vident
792 1588 896 1648 illa
930 1591 1091 1647 intus
1144 1591 1204 1646 in
1242 1606 1338 1647 se:
1414 1591 1556 1666 quia
1604 1588 1755 1647 tales
1807 1594 1949 1646 sunt
1993 1585 2212 1663 Angeli
2256 1585 2416 1645 illius
2474 1585 2661 1660 Coeli,

554 1691 691 1750 ideo
729 1688 802 1748 de
839 1691 995 1748 veris
1031 1691 1270 1749 Divinis
1307 1707 1605 1765 nusquam
1638 1690 2081 1763 ratiocinantur,
2120 1670 2312 1745 minus
2350 1686 2424 1746 de
2461 1688 2664 1765 aliquo

555 1791 719 1850 Vero
764 1798 1214 1850 controvertunt
1250 1809 1390 1849 num
1427 1794 1514 1850 ita
1557 1793 1639 1849 sit
1676 1790 1776 1851 vel
1823 1808 1942 1848 non
1975 1792 2087 1858 ita,
2139 1805 2250 1848 nec
2285 1790 2483 1847 sciunt
2522 1787 2667 1872 quid

557 1895 637 1953 sit
683 1891 928 1952 credere
979 1899 1082 1950 aut
1125 1891 1302 1951 fidem
1350 1892 1608 1966 habere,
1676 1891 1880 1949 dicunt
1934 1892 2089 1950 enim
2118 1888 2258 1964 quid
2290 1887 2472 1964 fides,
2527 1907 2668 1948 nam

555 1995 824 2073 percipio
863 1999 922 2052 et
961 1993 1137 2052 video
1176 1993 1338 2070 quod
1384 1996 1469 2052 ita
1504 1994 1585 2051 sit
1598 2013 1613 2069 3
1669 1992 1971 2050 illustrant
2005 1992 2119 2050 hoc
2155 2006 2265 2066 per
2302 1991 2666 2067 comparati-

559 2114 665 2169 va3
721 2111 934 2169 nempe
986 2092 1146 2168 quod
1193 2093 1255 2151 id
1295 2095 1447 2153 sorct
1489 2096 1647 2151 sicut
1693 2111 1875 2168 quum
1922 2091 2139 2169 aliquis
2190 2108 2324 2150 cum
2361 2094 2524 2150 socio
2570 2093 2665 2150 vi-

561 2195 662 2254 det
708 2193 976 2266 domum,
1039 2199 1098 2251 et
1148 2196 1314 2252 varia
1360 2196 1420 2251 in
1459 2193 1565 2251 illa
1604 2200 1663 2251 et
1699 2195 1921 2252 circum
1965 2193 2163 2265 illam,
2220 2192 2447 2251 diceret
2502 2193 2667 2252 socio

558 2293 716 2372 quod
759 2300 1032 2370 oporteat
1065 2293 1308 2353 credere
1348 2294 1505 2370 quod
1542 2295 1690 2368 sint,
1750 2302 1811 2351 et
1846 2293 2004 2370 quod
2043 2294 2186 2352 talia
2226 2293 2343 2353 sint
2379 2295 2535 2352 sicut
2569 2294 2665 2351 vi-

557 2397 674 2470 dit3
743 2402 846 2452 aut
893 2397 1049 2452 sicut
1096 2396 1227 2470 quis
1280 2395 1440 2453 videt.
1473 2394 1738 2467 hortum,
1792 2401 1854 2453 et
1887 2394 1972 2453 ibi
2023 2395 2268 2453 arbores
2313 2398 2373 2452 et
2413 2393 2672 2491 frucvffff

557 2504 619 2557 et
671 2496 897 2555 diceret
925 2497 1105 2572 sociO,
1156 2496 1315 2572 quod
1341 2495 1521 2555 fidem
1550 2495 1774 2554 habere
1821 2495 2079 2569 debeat,
2130 2493 2289 2573 quod
2324 2495 2402 2552 sit
2435 2492 2666 2569 11011113,ἱ

558 2606 618 2658 et
661 2598 819 2675 quod
853 2600 972 2656 sint
1023 2598 1267 2657 arbores
1321 2605 1380 2657 et
1426 2599 1690 2672 fructus,
1749 2614 1883 2656 cum
1921 2604 2120 2656 tamen
2170 2596 2276 2655 illa
2311 2596 2501 2655 oculis
2540 2590 2666 2655 suis

558 2700 720 2759 clare
770 2698 932 2757 videt
946 2719 963 2774 3
1029 2700 1242 2758 exinde
1287 2707 1380 2758 est
1419 2697 1580 2775 quod
1619 2697 1837 2774 Angeli
1885 2698 1972 2756 illi
2020 2699 2671 2778 nusquamnominent

557 2800 765 2873 fidem,
831 2816 942 2858 nec
988 2799 1249 2875 aliquam
1287 2801 1418 2877 ejus
1454 2800 1649 2858 ideam
1683 2798 1961 2873 habeant,
2017 2763 2387 2875 quapropff
2419 2815 2531 2857 nec
2564 2816 2669 2856 ra-

557 2902 915 2958 tiocinantur
970 2899 1044 2958 de
1092 2901 1250 2958 veris
1291 2900 1555 2973 Divinis,
1617 2902 1812 2958 minus
1860 2905 2309 2959 controvertunt
2357 2898 2431 2957 de
2469 2898 2669 2975 aliquo

557 3000 722 3058 Vero
738 3043 757 3074 ,
821 3017 962 3056 num
999 3002 1084 3057 ita
1121 3001 1200 3058 sit
1233 2999 1332 3058 vel
1368 3018 1484 3058 non
1522 3002 1608 3060 ita
1644 2997 1750 3082 (d).
1838 3000 2060 3077 Angeli
2097 3009 2298 3059 autem
2330 3000 2516 3059 Primi
2556 3016 2671 3059 seu

560 3100 756 3158 ultimi
792 3099 946 3158 coeli
982 3117 1097 3157 non
1144 3102 1228 3158 ita
1267 3100 1492 3159 habent
1529 3118 1674 3161 vera
1712 3101 1935 3160 Divina
1972 3089 2355 3160 interioribu‘s
2398 3102 2524 3159 suis
2572 3102 2668 3158 in-

557 3202 816 3277 scripta,
884 3203 1024 3275 quia
1064 3200 1181 3260 illis
1228 3202 1499 3259 nonnisi
1540 3219 1718 3277 quam
1756 3204 1987 3279 primus
2024 3202 2245 3278 gradus
2286 3203 2448 3261 vitae
2484 3218 2667 3277 aper-

557 3308 656 3361 tus
706 3308 828 3375 est,
882 3300 971 3360 illi
1023 3302 1156 3361 ideo
1194 3302 1623 3360 ratiocinantur
1670 3301 1744 3362 de
1779 3302 1929 3377 illis,
1995 3310 2054 3360 et
2095 3304 2197 3379 qui
2242 3298 2672 3361 ratiocinantur

555 3405 659 3463 vix
695 3403 922 3480 aliquid
956 3402 1116 3461 ultra
1158 3400 1458 3481 objectum
1496 3406 1620 3477 rei,
1678 3403 1753 3464 de
1790 3421 1909 3480 qua
1946 3405 2392 3478 ratiocinantur,
2442 3403 2668 3478 vident,

711 3635 801 3702 (d)
846 3636 1018 3712 Quod
1050 3636 1331 3690 coelestes
1359 3636 1566 3708 Angeli
1601 3634 2048 3690 innumerabilia
2090 3636 2293 3699 sciant,
2337 3644 2396 3687 et
2419 3625 2673 3687 'immen-

559 3728 687 3765 sum
730 3711 953 3782 sapiant
995 3731 1133 3784 prae
1178 3713 1410 3785 Angelis
1453 3712 1889 3785 spiritualibus,
1932 3729 1998 3763 n.
2052 3719 2222 3771 2718.
2279 3708 2445 3775 Quod
2484 3710 2675 3782 Ange·

458 3834 465 3842 .
558 3787 602 3839 li
656 3789 936 3841 coelestes
978 3806 1095 3840 non
1137 3790 1392 3860 cogitent
1451 3799 1509 3842 et
1568 3789 1881 3861 loquantur
1940 3804 2008 3840 ex
2067 3785 2179 3840 fide
2232 3796 2408 3857 prout
2467 3785 2673 3857 Angeli

559 3861 923 3933 spirituales,
967 3864 1238 3935 quoniam
1283 3882 1313 3918 a
1367 3865 1617 3917 Domino
1670 3863 1729 3916 in
1786 3863 2165 3935 perceptione
2224 3862 2482 3914 omnium
2524 3878 2676 3934 quae

558 3936 693 3990 fidei
749 3948 908 3999 sunt,
964 3956 1039 3990 n:
1103 3947 1236 3999 202.
1293 3947 1424 4000 597.
1482 3948 1610 4000 607.
1668 3948 1798 4001 784.
1853 3948 2021 3999 1121.
2077 3946 2244 3999 1387.
2289 3945 2455 3999 1398.
2500 3944 2674 3998 1442.

562 4021 728 4073 1919.
786 4020 954 4072 7680·
1012 4021 1176 4074 7877·
1239 4022 1407 4074 8780·
1465 4024 1634 4075 9277.
1691 4023 1896 4077 10336.
1976 4014 2148 4093 Quod
2196 4013 2265 4068 de
2328 4015 2485 4068 veris
2535 4012 2675 4067 fidei

559 4088 736 4142 modo
790 4089 984 4141 dicant
1037 4088 1113 4141 ita
1158 4090 1233 4143 ita
1275 4087 1371 4142 vel
1421 4108 1540 4142 non
1582 4108 1732 4156 11011,
1792 4102 1848 4146 at
1884 4092 2040 4163 quod
2095 4089 2282 4162 angeli
2339 4088 2673 4164 spirituales

470 4233 477 4238 ·
557 4165 982 4217 ratiocinemur
1022 4182 1157 4216 num
1199 4166 1276 4217 ita
1319 4166 1423 4228 sit,
1467 4183 1535 4217 nt
1580 4174 1748 4226 2715.
1795 4174 1961 4227 3246.
2007 4173 2171 4227 4448.
2222 4173 2387 4227 9166.
2451 4173 2675 4233 107865

559 4242 920 4313 explicantur
973 4240 1055 4292 ibi
1096 4239 1330 4294 Domini
1373 4241 1585 4306 verba,
1649 4242 1807 4315 quod
1876 4260 2115 4296 sermo
2170 4242 2320 4296 erit
2372 4241 2476 4295 ita
2534 4242 2671 4304 ita,

560 4334 703 4369 non
746 4333 923 4387 non,
965 4318 1177 4371 Matth:
1228 4320 1306 4373 V:
1350 4327 1439 4377 36.
