3013 5114
695 424 790 479 DE
837 423 1114 482 GAumo
1155 424 1249 481 ET
1288 407 1716 482 Faucium
1759 424 2123 482 couras‘rl.
2375 439 2484 492 ‘243

362 591 440 648 sit
453 608 469 665 3
527 587 687 664 quod
732 589 887 646 enim
925 586 1000 644 ab
1036 587 1258 646 intimis
1293 586 1568 657 inchoat,
1600 586 1715 647 hoc
1750 588 1939 647 influit
1971 591 2033 647 in
2061 589 2300 666 singula
2329 608 2483 668 quae

360 706 439 750 ex
473 689 695 748 intimis
744 686 1015 746 derivata
1051 695 1219 760 sunt,
1277 694 1338 746 et
1372 704 1440 747 se
1475 695 1815 764 propagant
1851 705 2093 765 semper
2143 706 2276 750 cum
2328 685 2485 768 aug-

362 795 562 849 mento
612 805 826 848 versus
884 790 1199 851 exteriora.
1296 787 1558 865 Spiritus
1612 788 1756 848 boni
1807 791 1907 866 qui
1954 791 2215 849 nondum
2273 793 2335 850 in
2382 791 2486 851 illo

355 890 625 970 jucundo
672 896 843 963 sunt,
915 891 1056 964 quia
1107 890 1367 949 nondum
1414 892 1476 948 in
1523 889 1785 949 Coelum‘
1823 881 2047 961 evecti,
2099 908 2235 950 cum
2283 895 2485 968 perci-

365 996 540 1070 piunt
572 991 723 1049 illud
758 1007 833 1050 ex
868 982 1098 1066 Angelo
1138 1009 1219 1049 exx
1250 991 1383 1068 ejus
1422 993 1641 1049 amoris
1679 990 1969 1067 sphaera,
2025 992 2346 1069 implentur
2381 993 2490 1052 tali

357 1093 657 1172 jucundo,
711 1099 779 1150 ut
815 1093 1056 1150 veniant
1105 1094 1278 1168 quasi
1327 1093 1388 1149 in
1430 1090 1606 1151 dulce
1658 1082 2016 1167 deliquium:
2084 1094 2198 1153 hoc
2253 1094 2487 1170 aliquo-

366 1198 483 1254 ties
530 1193 754 1252 factum
804 1198 898 1252 est
949 1209 1084 1251 cum
1138 1191 1290 1266 illis,
1348 1195 1452 1268 qui
1502 1192 1928 1253 desiderabant
1963 1196 2117 1254 scire
2156 1195 2298 1271 quid
2333 1213 2487 1274 gau-

365 1297 529 1356 dium
566 1294 850 1355 coeleste.

522 1398 607 1455 41
626 1397 689 1454 Ο.
746 1393 1007 1471 Quidam
1033 1393 1293 1471 Spiritus
1326 1396 1505 1453 etiam
1534 1394 1957 1454 desiderabant
1983 1398 2136 1455 scire
2169 1396 2307 1472 quid
2335 1411 2488 1474 gau-

366 1499 533 1558 dium
569 1495 868 1566 coeleste,
920 1496 1057 1555 ideo
1112 1511 1464 1555 concessum
1521 1502 1614 1555 est
1664 1499 1980 1574 percipere
2028 1497 2176 1555 illud
2229 1497 2306 1555 ad
2355 1515 2492 1557 eum

372 1598 657 1677 gradum,
713 1604 781 1656 ut
822 1615 938 1655 non
973 1596 1111 1672 plus
1157 1598 1451 1655 sustinere
1486 1603 1771 1673 possent3
1829 1598 1936 1657 sed
1971 1615 2165 1674 usque
2200 1616 2320 1659 non
2364 1606 2496 1658 erat

376 1699 658 1778 gaudium
695 1697 1048 1775 angelicum,
1088 1699 1190 1754 vix
1228 1703 1356 1755 erat
1392 1699 1546 1755 sicut
1581 1699 1885 1756 minimum
1921 1698 2292 1776 Angelicum,
2333 1699 2495 1777 quod

371 1801 767 1879 appercipere
799 1815 912 1874 per
938 1800 1533 1856 communicationem
1567 1797 1768 1855 datum
1800 1784 1909 1873 est,
1950 1806 2078 1858 erat
2113 1807 2237 1858 tam
2261 1800 2398 1860 leve
2427 1808 2495 1859 ut
2550 1807 2556 1814 '

369 1903 497 1962 fere
545 1899 1054 1976 frigidiusc'ulum,
1137 1897 1299 1974 quod
1360 1904 1563 1956 tamen
1614 1897 1910 1957 vocabant
1972 1900 2493 1973 coelestissimum,

372 2004 513 2080 quia
550 2007 678 2061 erat
704 2001 971 2058 intimum
1004 2016 1240 2058 eorum:
1279 1998 1415 2057 inde
1444 1999 1757 2058 constabat
1784 2016 1901 2057 non
1927 2000 2121 2059 solum
2151 2002 2310 2078 quod
2336 2019 2490 2079 gau·

370 2104 602 2162 diorum
646 2100 800 2160 coeli
839 2101 1061 2177 gradus
1108 2102 1257 2176 sint,
1314 2098 1425 2158 sed
1463 2101 1641 2160 etiam
1679 2101 1838 2176 quod
1871 2101 2144 2160 intimum
2180 2104 2354 2162 unius
2392 2104 2494 2161 vix

371 2204 623 2264 accedat
684 2201 762 2261 ad
812 2202 1083 2260 ultimum
1138 2207 1242 2261 aut
1293 2200 1555 2260 medium
1609 2202 1855 2260 alterius
1871 2222 1887 2277 3
1964 2208 2090 2260 tum
2145 2203 2303 2280 quod
2358 2220 2496 2264 cum

372 2306 608 2382 aliquis,
642 2306 913 2362 intimum
968 2305 1062 2362 sui
1102 2303 1346 2379 accipit,
1412 2304 1476 2361 in
1530 2303 1748 2380 gaudio
1797 2319 1908 2362 suo
1961 2303 2210 2364 coelesti
2257 2307 2366 2374 sit,
2435 2312 2496 2364 et

371 2406 534 2491 quod
567 2405 764 2464 adhuc
803 2406 1051 2463 interius
1086 2421 1205 2462 non
1240 2404 1566 2478 sustineat,
1625 2406 1798 2480 eique
1842 2403 2212 2463 dolorificum
2254 2402 2490 2466 evadat.

528 2509 695 2567 411.
772 2505 1026 2584 Quidam
1076 2506 1323 2583 spiritus
1377 2521 1494 2564 non
1543 2504 1684 2563 mali
1723 2504 1883 2582 lapsi
1931 2510 2070 2564 sunt
2108 2507 2167 2564 in
2210 2506 2489 2582 quietem,

374 2611 532 2670 sicut
565 2610 627 2667 in
662 2625 964 2683 somnum,
1006 2614 1066 2666 et
1094 2610 1181 2666 sic
1219 2605 1420 2681 quoad
1455 2606 1758 2679 interiora,
1805 2622 1962 2681 quae
2008 2609 2222 2665 mentis
2267 2624 2490 2682 eorum,

372 2709 648 2770 translati
698 2717 837 2768 sunt
886 2711 947 2767 in
1001 2707 1279 2784 Coelum3
1333 2725 1472 2764 nam
1523 2708 1797 2782 spirituS,
1852 2712 2175 2783 antequam
2209 2710 2495 2767 interiora

371 2829 584 2871 eorum
624 2817 837 2887 aperta
874 2815 1048 2880 sunt,
1083 2807 1394 2868 transferri
1430 2815 1689 2883 possunt
1720 2810 1781 2866 in
1821 2806 2104 2884 Coelum,
2161 2825 2232 2868 ac
2270 2808 2494 2869 erudiri

374 2913 452 2972 de
492 2912 776 2971 felicitate
813 2910 1048 2969 illorum
1088 2913 1190 2987 qui
1239 2909 1323 2968 ibi
1356 2915 1497 2968 sunt
1509 2930 1526 2985 3
1583 2909 1706 2968 vidi
1751 2925 1855 2968 eos
1907 2910 1995 2968 sic
2046 2901 2347 2985 quievisse
2380 2928 2494 2986 per

375 3013 789 3087 semihorium,
866 3018 925 3070 et
976 3010 1113 3071 dein
1160 3010 1435 3087 relapsos
1487 3012 1549 3068 in
1605 3011 1904 3069 exteriora
1946 3011 2007 3068 in
2057 3011 2273 3087 quibus
2324 3013 2496 3089 prius

283 3187 296 3195 ..
375 3121 574 3189 erant,
632 3121 691 3173 et
734 3129 971 3189 quoque
1001 3118 1142 3172 tunc
1176 3113 1239 3170 in
1273 3111 1748 3170 recordationem
1778 3128 1986 3170 eorum
2015 3129 2170 3187 quae
2196 3112 2493 3188 viderunt,

370 3205 652 3276 dicebant
700 3213 860 3291 quod
911 3213 1129 3271 fuerint
1181 3214 1336 3270 inter
1395 3209 1663 3289 Angelos
1713 3214 1771 3271 in
1822 3212 2034 3286 Coelo,
2093 3218 2152 3272 et
2206 3211 2368 3289 quod
2413 3214 2497 3272 ibi

372 3317 630 3376 viderint
667 3322 727 3375 et
760 3317 1145 3392 perceperint
1181 3312 1515 3390 stupenda,
1584 3316 1781 3373 omnia
1816 3312 2196 3389 splendentia
2229 3314 2386 3371 sicut
2422 3330 2498 3373 ex

375 3435 555 3491 auro,
611 3423 892 3493 argento,
948 3421 1010 3475 et
1045 3414 1348 3492 lapidibus
1393 3417 1676 3491 pretiosis
1688 3460 1704 3490 ‚
1770 3417 1832 3473 in
1867 3412 2226 3471 admirandis
2261 3412 2486 3488 formis,

375 3534 533 3595 quae
586 3517 974 3578 variabantur
1023 3516 1369 3575 mirabiliter
1381 3536 1398 3591 3
1474 3522 1535 3575 et
1582 3515 1738 3591 quod
1776 3513 1997 3591 Angeli
2041 3530 2162 3571 non
2207 3512 2492 3574 delectati

375 3620 496 3677 sint
532 3618 686 3694 ipsis
725 3620 1019 3688 externis,
1054 3618 1165 3677 sed
1197 3618 1317 3676 illis
1347 3633 1504 3693 qnae
1534 3613 2096 3692 repraesentabant,
2138 3632 2293 3690 quae
2321 3622 2492 3675 erant

376 3719 606 3779 Divina
642 3716 996 3792 ineffabilia,
1038 3727 1099 3778 et
1133 3719 1469 3795 sapientiae
1504 3716 1800 3792 infinitae,
1841 3722 1901 3774 et
1933 3694 2088 3774 liaeo
2121 3715 2343 3777 fuerint
2376 3716 2497 3779 illis

374 3820 595 3898 gaudio
608 3840 626 3896 3
682 3826 928 3895 praeter
961 3821 1304 3894 innumera,
1362 3836 1522 3895 quae
1570 3817 1790 3895 linguis
1825 3813 2100 3876 humanis
2148 3835 2222 3879 ne
2261 3819 2501 3896 quidem

374 3921 453 3980 ad
494 3919 778 3999 myriadis
814 3927 1049 3998 partem
1089 3926 1342 3998 possent
1379 3922 1664 3997 exprimi,
1703 3937 1812 3980 nec
1851 3917 2068 3979 cadere
2104 3920 2164 3978 in
2197 3920 2366 3982 ideas
2395 3919 2501 3984 ubi

376 4020 604 4097 aliquid
636 4022 967 4082 materiale.

533 4125 696 4181 412.
746 4122 899 4184 Fere
937 4139 1143 4182 omnes
1182 4124 1282 4199 qui
1317 4125 1378 4181 in
1408 4122 1662 4183 alteram
1696 4124 1879 4186 vitam
1915 4126 2183 4201 veniunt,
2223 4126 2501 4201 ignorant

375 4223 518 4300 quid
557 4223 863 4284 beatitudo
908 4231 970 4285 et
1010 4223 1267 4284 felicitas
1306 4224 1618 4297 coelestis,
1676 4226 1818 4300 quia
1855 4223 1999 4299 quid
2036 4231 2096 4284 et
2133 4223 2312 4301 quale
2349 4240 2501 4299 gau-

372 4323 536 4384 dium
583 4327 880 4384 internum
930 4326 1232 4398 nesciunt,
1305 4325 1499 4384 solum
1548 4342 1624 4383 ex
1670 4324 1917 4383 laetitiis
1966 4330 2025 4382 et
2074 4322 2310 4400 gaudiis
2361 4338 2498 4381 cor-

1918 4426 1996 4480 16
2040 4418 2078 4456 ²*
2232 4421 2243 4426 ’
