3013 5114
580 428 690 477 3:30
1189 413 1285 467 DE
1328 412 1568 467 COELO
1611 411 1705 465 ET
1745 409 2078 465 INFERNO.

579 584 753 635 terna
778 590 891 633 sua
918 571 1137 631 ablatis
1167 573 1430 631 externis
1458 573 1886 643 immittuntur,
1924 570 2325 646 sapientiores
2353 574 2495 626 sunt
2529 586 2712 644 quam

578 680 640 736 in
676 674 924 749 mundo;
980 673 1119 730 dum
1166 674 1228 730 in
1274 675 1512 733 interna
1562 689 1678 731 sua
1723 672 2004 743 veniunt,
2060 676 2155 728 est
2188 670 2350 729 sicut
2384 668 2462 726 ab
2495 669 2715 733 umbra

578 780 639 836 in
679 776 905 847 lucem,
961 773 1037 833 ab
1073 776 1412 851 ignorantia
1446 777 1509 833 in
1544 773 1936 849 sapientiam,
1974 778 2034 830 et
2071 788 2110 828 a
2134 771 2295 829 tristi
2322 771 2452 828 vita
2473 772 2536 828 in
2561 770 2713 828 bea-

579 885 735 947 tam,
790 878 1068 952 quoniam
1105 878 1164 933 in
1210 876 1433 936 Divino
1475 882 1646 948 sunt,
1685 875 1770 932 ita
1808 874 1868 930 in
1897 872 2086 932 coelo.
2152 871 2324 930 Haec
2359 871 2521 930 dicta
2548 877 2707 945 sunt,

578 974 939 1051 ut'sciatur‚
998 976 1194 1053 qualis
1229 993 1386 1035 unus
1428 982 1525 1035 est
1560 982 1621 1034 et
1657 974 1853 1051 qualis
1890 973 2073 1048 alter,
2129 974 2370 1031 tametsi
2409 970 2586 1031 ambo
2619 973 2710 1030 si·-

578 1078 778 1137 milem
819 1080 1005 1135 vitam
1051 1084 1359 1136 externam
1396 1084 1667 1153 egerunt.

742 1181 903 1238 532.
978 1177 1250 1255 Quisque
1302 1180 1458 1237 scire
1512 1183 1745 1254 potest,
1804 1176 1965 1253 quod
2001 1176 2397 1252 cogitationes
2441 1175 2713 1233 serantur

589 1287 652 1340 et
686 1279 933 1339 tendant
967 1279 1297 1338 secundum
1330 1281 1721 1352 intentiones,
1761 1295 1871 1337 seu
1907 1277 2051 1336 illuc
2082 1293 2198 1351 quo
2223 1275 2402 1333 homo
2427 1275 2711 1351 intendit3

583 1390 681 1440 est
732 1382 886 1439 enim
938 1382 1220 1455 cogitatio
1273 1383 1442 1439 visus
1491 1380 1746 1437 hominis
1796 1382 2101 1449 internus,
2177 1379 2281 1453 qui
2327 1392 2396 1434 se
2440 1377 2715 1435 similiter

584 1481 769 1540 habet
808 1482 966 1539 sicut
1007 1483 1176 1541 visus
1217 1488 1531 1554 externus,
1588 1480 1749 1556 quod
1785 1498 1857 1539 eo
1902 1486 2174 1538 vertatur
2222 1486 2284 1535 et
2329 1477 2412 1535 ibi
2446 1485 2715 1537 moretur

585 1598 703 1658 quo
738 1582 997 1639 flectitur
1038 1588 1099 1639 et
1133 1580 1490 1640 intenditur:
1547 1583 1601 1640 si
1633 1584 1839 1657 itaque
1881 1584 2048 1640 visus
2090 1581 2362 1637 internus
2396 1594 2508 1637 seu
2542 1580 2716 1655 cogi-

583 1683 735 1740 tatio
772 1684 1029 1739 vertitur
1064 1681 1140 1739 ad
1176 1682 1489 1756 mundum,
1539 1690 1601 1741 et
1635 1682 1717 1741 ibi
1753 1689 2048 1753 moratur,
2101 1681 2374 1755 sequitur
2410 1678 2571 1754 quod
2606 1696 2716 1738 co-

584 1784 793 1860 gitatio
830 1781 935 1840 fiat
972 1780 1300 1859 mundana3
1352 1786 1402 1841 si
1441 1786 1700 1842 vertitur
1736 1783 1815 1842 ad
1848 1801 1915 1842 se
1954 1789 2016 1841 et
2055 1783 2152 1839 sui
2183 1781 2500 1869 honorem,
2547 1779 2716 1855 quod

578 1883 686 1942 fiat
728 1900 1048 1960 corporea;
1103 1887 1156 1942 si
1194 1892 1394 1943 autem
1434 1884 1512 1943 ad
1548 1883 1814 1957 coelum,
1872 1882 2032 1960 quod
2067 1882 2173 1939 fiat
2209 1880 2524 1955 coelestis3
2564 1898 2714 1958 pro-

585 1985 724 2044 inde
767 1987 820 2043 si
856 1985 933 2043 ad
969 1985 1234 2059 coelum,
1293 1986 1451 2062 quod
1491 1986 1787 2060 elevetur3
1845 1987 1898 2043 si
1932 1983 2011 2042 ad
2050 1988 2272 2056 semet,
2315 1980 2475 2058 quod
2510 1988 2713 2040 retrae-

579 2085 759 2143 hatur
808 2102 844 2142 a
893 2085 1093 2158 coele,
1155 2096 1216 2145 ct
1266 2089 1651 2162 immergatur
1701 2102 2025 2162 corpore03
2082 2092 2144 2142 et
2191 2085 2244 2141 si
2293 2082 2370 2140 ad
2404 2081 2713 2155 mundum,

580 2185 738 2259 quod
791 2187 968 2242 etiam
1022 2186 1380 2244 deflectatur
1432 2205 1469 2243 a
1519 2187 1719 2259 coele,
1779 2197 1838 2245 et
1880 2184 2244 2245 diffundatur
2291 2182 2370 2241 ad
2402 2183 2510 2241 illa
2555 2200 2718 2259 quae

581 2291 718 2342 ante
770 2283 976 2343 oculos
1026 2293 1183 2343 sunt.
1276 2288 1463 2346 Amor
1511 2285 1772 2344 hominis
1822 2295 1916 2346 est
1965 2290 2067 2364 qui
2113 2287 2259 2345 facit
2304 2287 2715 2359 intentionem,

579 2385 778 2461 etqui
832 2384 1189 2444 determinat
1236 2389 1429 2446 visum
1480 2390 1782 2446 internum
1830 2388 2083 2448 hominis
2130 2404 2240 2446 seu
2289 2387 2716 2462 cogitationem

585 2485 663 2544 ad
699 2503 812 2544 sua
855 2485 1121 2565 objecta3
1177 2491 1261 2547 ita
1302 2506 1469 2547 amor
1505 2491 1601 2547 sui
1641 2488 1716 2547 ad
1765 2506 1831 2548 se
1885 2496 1944 2548 et
1987 2507 2132 2563 sua,
2188 2500 2356 2545 amor
2395 2486 2601 2545 mundi
2637 2486 2721 2545 ad

585 2587 915 2664 mundana,
956 2596 1018 2648 et
1052 2608 1220 2649 amor
1262 2591 1412 2649 coeli
1452 2591 1529 2647 ad
1570 2592 1890 2650 coelestia:
1949 2609 2022 2654 ex
2066 2590 2283 2667 quibus
2320 2591 2463 2648 sciri
2488 2594 2716 2665 potest,

581 2692 642 2747 in
691 2689 857 2765 quali
901 2697 1063 2748 statu
1110 2700 1250 2750 sunt
1285 2694 1574 2751 interiora
1619 2692 1873 2751 hominis
1921 2710 2076 2768 quae
2124 2694 2342 2750 mentis
2383 2691 2514 2767 ejus
2548 2697 2713 2763 sunt,

584 2790 722 2847 dum
775 2793 1156 2866 cognoscitur
1209 2793 1341 2869 ejus
1386 2809 1584 2865 amor,
1637 2793 1795 2868 quod
1850 2811 2066 2869 nempe
2107 2794 2208 2870 qui
2259 2791 2493 2851 coelum
2531 2797 2717 2864 amat,

586 2891 721 2966 ejus
756 2892 1038 2950 interiora
1075 2891 1317 2951 elevata
1354 2896 1471 2952 sint
1517 2910 1733 2956 versus
1786 2893 2052 2968 coelum,
2109 2910 2180 2952 ac
2217 2894 2495 2969 superius
2533 2909 2718 2970 aper-

580 2998 672 3066 ta3
730 2993 833 3065 qui
870 2992 1158 3052 mundum
1204 3000 1262 3050 ct
1300 2997 1400 3069 qui
1440 3003 1632 3053 semet
1670 3002 1859 3064 amat,
1915 2995 2075 3070 quod
2112 2996 2242 3072 ejus
2281 2995 2570 3052 interiora
2607 3009 2720 3052 su-

580 3092 789 3168 perius
828 3094 949 3149 sint
996 3094 1236 3169 clausa,
1294 3113 1363 3152 ac
1404 3099 1668 3154 exterius
1707 3101 1949 3172 aperta:
2003 3097 2140 3155 inde
2178 3093 2454 3155 concludi
2486 3100 2714 3170 potest,

580 3191 742 3268 quod
801 3193 855 3249 si
908 3195 1226 3269 superiora
1280 3214 1434 3271 quae
1490 3199 1705 3254 mentis
1765 3204 1904 3254 sunt
1958 3198 2237 3274 superius
2299 3195 2510 3254 clausa
2570 3197 2710 3269 sint,

581 3294 758 3352 homo
806 3311 923 3352 non
959 3296 1219 3371 amplius
1255 3296 1459 3355 videre
1496 3299 1692 3372 possit
1728 3296 1965 3372 obJecta
2003 3315 2157 3374 quae
2191 3296 2362 3357 Coeli
2397 3302 2458 3355 et
2490 3295 2712 3355 Eccle-

585 3398 712 3455 siae
749 3402 917 3470 sunt‚
975 3404 1033 3455 et
1081 3398 1242 3474 quod
1285 3415 1358 3454 ea
1412 3401 1532 3455 sint
1580 3396 1743 3473 apud
1794 3397 1960 3456 illum
2007 3402 2067 3456 in
2114 3398 2399 3475 caligine,
2457 3404 2518 3455 et
2554 3412 2726 3473 quae·

582 3500 641 3555 in
686 3496 941 3573 caligine
988 3506 1126 3556 sunt
1172 3498 1271 3556 vel
1306 3507 1603 3574 negantur
1642 3497 1740 3556 vel
1776 3514 1891 3556 non
1928 3499 2369 3577 intelliguntur3
2423 3498 2560 3556 inde
2598 3504 2710 3571 est,

583 3596 746 3674 quod
790 3597 878 3655 illi
929 3601 1030 3674 qui
1079 3607 1280 3657 amant
1316 3616 1382 3657 se
1432 3607 1493 3659 et
1535 3598 1817 3659 mundum
1856 3615 2042 3676 super
2088 3602 2314 3674 omnia,
2372 3601 2512 3674 quia
2548 3596 2716 3674 apud

581 3696 716 3754 illos
752 3700 1069 3773 superiora
1102 3701 1319 3759 mentis
1359 3700 1569 3759 clausa
1603 3707 1774 3774 sunt,
1811 3700 1994 3760 corde
2029 3709 2252 3777 negent
2286 3700 2507 3758 Divina
2543 3716 2709 3773 vera,

585 3803 646 3854 et
681 3799 733 3853 si
774 3796 998 3873 aliquid
1036 3799 1110 3858 de
1146 3799 1266 3859 illis
1306 3819 1380 3860 ex
1416 3804 1705 3861 memoria
1741 3801 2094 3878 loquuntur,
2147 3818 2340 3877 usque
2379 3817 2494 3858 non
2530 3799 2713 3858 intel-

582 3896 770 3971 ligant
781 3915 799 3969 3
855 3906 1132 3972 spectant
1169 3903 1350 3958 etiam
1380 3901 1487 3960 illa
1525 3920 1639 3961 non
1685 3900 1860 3962 aliter
1888 3919 2065 3978 quam
2093 3909 2372 3980 spectant
2408 3899 2713 3958 mundana

583 4001 644 4053 et
678 4010 971 4072 corporea
984 4016 1001 4070 3
1058 4004 1119 4056 et
1156 4002 1297 4075 quia
1330 4000 1484 4059 tales
1539 4009 1714 4072 sunt,
1776 4020 1894 4061 non
1941 4002 2106 4062 aliud
2158 4019 2404 4062 versare
2454 4007 2713 4078 possunt

580 4096 796 4165 ariimo,
850 4113 1028 4171 quam
1067 4114 1220 4173 quae
1257 4101 1483 4168 intrant
1524 4119 1636 4176 per
1673 4119 1886 4161 sensus
1927 4107 2226 4180 corporis,
2270 4102 2488 4179 quibus
2525 4104 2711 4161 etiam

582 4196 775 4257 solum
817 4197 1193 4256 delectantur
1206 4218 1221 4273 3
1275 4201 1432 4257 inter
1468 4217 1625 4275 quae
1666 4204 1842 4270 etiam
1876 4212 2016 4263 sunt
2051 4204 2435 4279 multa.quae
2467 4217 2712 4280 quoque

582 4315 828 4377 spurca,
888 4299 1219 4376 obscaena,
1277 4299 1618 4379 prophana,
1678 4309 1738 4360 et
1774 4303 2115 4365 facinorosa
2164 4310 2334 4380 sunt,
2393 4320 2548 4378 quae
2600 4318 2711 4362 nec
