3013 5114
981 402 1072 485 DE
1116 403 1490 461 CONJUGIIS
1533 406 1607 460 IN
1649 407 1911 466 COELO,
2082 452 2089 461 ·
2412 425 2521 477 227

400 564 559 642 quod
598 561 891 640 Gonjugia
928 564 984 621 in
1024 563 1222 624 Coelis
1276 584 1394 625 non
1443 569 1565 626 sint
1603 572 1759 629 sicut
1798 571 2077 648 conjugia
2104 574 2165 631 in
2203 577 2404 649 terrie,
2457 578 2519 637 in

396 665 596 737 coelis)
631 670 773 723 sunt
820 668 1066 742 nuptiae
1122 667 1496 744 spirituales»,
1555 688 1713 746 quae
1758 690 1876 730 non
1915 675 2161 749 nuptiae
2211 676 2518 736 vocandae

394 772 564 841 sunt,
623 765 732 825 sed
778 767 1226 843 conjunctiones
1271 773 1555 829 mentium
1609 789 1683 829 ex
1744 762 2205 851 conjugio'boni
2259 783 2318 834 et
2369 780 2516 852 veri,

394 870 457 926 in
504 869 682 926 terris
732 874 929 926 autem
987 875 1127 927 sunt.
1174 873 1453 946 nuptiae,
1513 874 1653 948 quia
1689 891 1804 932 non
1846 875 2038 934 solum
2076 877 2323 951 spiritus
2360 883 2517 950 sunt,

395 969 506 1028 sed
546 970 721 1027 etiam
764 971 989 1027 carnis:
1048 977 1108 1029 et
1154 974 1295 1048 quia
1337 989 1454 1029 non
1501 976 1750 1050 nuptiae
1799 984 1937 1034 sunt
1984 979 2044 1034 in
2083 976 2318 1053 Coelis,
2378 979 2516 1038 ideo

396 1070 522 1129 bini
557 1071 842 1146 conjuges
878 1070 960 1128 ibi
1000 1088 1117 1129 non
1167 1073 1443 1132 dicuntur
1487 1077 1736 1134 maritus
1783 1083 1839 1133 et
1886 1076 2063 1145 nitor,
2138 1078 2247 1137 sed
2299 1079 2516 1156 conjux

396 1172 644 1230 alterius
694 1189 766 1228 ex
820 1171 960 1231 idea
1014 1173 1288 1250 angelica
1340 1175 1772 1251 conjunctionis
1825 1178 2076 1237 duarum
2125 1183 2409 1240 mentium
2454 1183 2515 1238 in

395 1290 604 1346 unam,
660 1279 914 1330 vocatur
953 1291 1100 1334 voce
1144 1292 1297 1350 quae
1353 1275 1647 1350 significat
1686 1295 1858 1338 suum
1907 1286 2175 1338 mutuum
2227 1283 2510 1340 vicissim.

395 1375 484 1432 Ex
524 1374 618 1432 his
664 1375 803 1432 sciri
837 1380 1068 1449 potest,
1127 1376 1422 1453 quomodo
1461 1377 1847 1455 intelligenda
1882 1386 2020 1439 sunt
2055 1380 2294 1440 Domini
2329 1381 2516 1441 verba

393 1478 469 1534 de
509 1476 764 1559 nuptii8‚
819 1475 979 1535 Luc:
1023 1477 1179 1537 XX:
1237 1479 1347 1537 35.
1390 1478 1499 1536 36.
2212 1500 2213 1503 ¹

486 1626 490 1640 ,
553 1577 713 1636 383.
775 1574 1085 1652 Quomodo
1116 1579 1408 1657 Conjugia
1435 1583 1493 1638 in
1525 1580 1726 1641 Coelis
1764 1584 2087 1657 sociantur,
2128 1582 2331 1642 datum
2360 1599 2513 1660 quo-

393 1697 512 1755 que
551 1685 643 1736 est
682 1677 915 1737 vidore:
971 1679 1166 1740 ubivis
1204 1683 1262 1740 in
1301 1682 1467 1741 coelo
1509 1685 1928 1742 consociantur
1965 1684 2221 1759 simileS‚
2274 1701 2347 1744 ac
2382 1683 2509 1742 dis-

392 1769 697 1839 sociantur
732 1779 1084 1853 dissiniileS,
1140 1782 1275 1841 inde
1312 1784 1682 1859 unaquaevis
1722 1783 1993 1843 Societas
2032 1784 2200 1845 Coeli
2236 1802 2310 1844 ex
2345 1786 2513 1843 simi-

389 1882 547 1941 libus
594 1883 895 1956 consistit3
953 1883 1179 1941 similes
1219 1883 1293 1941 ad
1334 1884 1560 1942 similes
1601 1885 1868 1943 seruntur
1907 1903 2023 1942 non
2073 1904 2149 1944 ex
2186 1903 2253 1945 se
2293 1885 2398 1944 sed
2438 1901 2514 1944 ex

393 1984 679 2055 Domin0,
727 1983 1005 2041 videatur
1046 2000 1232 2060 supra
1280 2003 1348 2042 n:
1392 1989 1503 2043 41.
1548 1988 1659 2044 43.
1709 1988 1798 2044 44
1836 2004 1979 2063 seq:
2036 1988 2261 2062 pariter
2295 1986 2513 2062 conjux

389 2085 468 2142 ad
520 2085 866 2161 conjugem,
937 2103 1189 2161 quorum
1253 2092 1481 2145 mentes
1541 2088 1824 2164 conjungi
1876 2094 2130 2163 possunt
2186 2088 2247 2145 in
2297 2104 2509 2162 unam3

390 2191 763 2263 quapropter
799 2187 875 2244 ad
911 2189 1164 2262 primum
1217 2194 1533 2264 aspectum
1577 2205 1644 2246 se
1683 2191 1887 2247 intime
1926 2195 2157 2258 amant,
2212 2195 2272 2248 et
2308 2187 2514 2248 vident

390 2305 458 2346 se
509 2287 796 2364 conjuges
813 2331 829 2361 ,
905 2294 964 2346 et
1008 2290 1216 2346 ineunt
1263 2290 1630 2366 conjugium5
1711 2290 1846 2349 inde
1898 2297 2019 2365 est,
2105 2289 2264 2366 quod
2316 2291 2515 2349 omnia

369 2388 687 2467 *conjugia
725 2387 895 2447 Coeli
931 2392 1048 2447 sint
1085 2408 1159 2449 ex
1195 2390 1325 2449 solo
1362 2391 1651 2448 Domino:
1708 2392 1926 2450 festum
1966 2393 2144 2449 etiam
2184 2390 2510 2463 celebrant,

395 2491 555 2568 quod
590 2491 657 2549 fit
690 2492 750 2548 in
800 2497 1095 2549 conventu
1132 2491 1425 2568 plurium3
1482 2492 1839 2551 festivitates
1881 2490 2157 2550 disserunt
2207 2493 2265 2548 in
2320 2493 2517 2551 socie-

389 2593 631 2652 tatibus.

547 2696 722 2753 384..
792 2693 1086 2772 Conjugia
1143 2696 1212 2778 inx
1247 2698 1451 2769 terrie,
1520 2698 1659 2771 quia
1708 2702 1844 2753 sunt
1888 2697 2207 2755 seminaria
2255 2695 2511 2758 Generis

385 2796 655 2868 humani,
723 2801 782 2853 et
838 2813 1076 2872 quoque
1129 2797 1495 2874 Angelorum
1546 2796 1729 2872 coeli,
1788 2814 1923 2855 nam
1972 2805 2037 2855 ut
2086 2815 2270 2874 supra
2307 2799 2364 2855 in
2402 2815 2513 2858 suo

386 2896 660 2956 Articulo
698 2903 1000 2955 ostensum
1042 2905 1160 2972 est,
1220 2897 1466 2958 Coelum
1522 2905 1614 2958 est
1662 2915 1734 2956 ex
1769 2897 2028 2958 humano
2081 2883 2333 2976 gen'ere,
2384 2906 2513 2958 tum

387 3001 532 3073 quia
570 3016 642 3057 ex
695 2998 993 3073 spirituali
1048 2991 1273 3076 origine
1311 3006 1480 3073 sunt,
1554 3016 1770 3076 nempe
1821 3017 1896 3058 ex
1933 3002 2208 3078 conjugio
2262 3000 2402 3060 boni
2449 3006 2513 3061 et

387 3103 544 3169 veri,
605 3116 676 3158 ac
711 3098 992 3162 Divinum
1046 3101 1288 3178 Domini
1336 3104 1396 3160 in
1449 3101 1615 3160 illum
1662 3118 1920 3160 amorem
1968 3102 2377 3179 priucipaliter
2411 3103 2506 3160 in-

379 3201 538 3273 fluit,
596 3200 731 3259 ideo
770 3202 1149 3259 sanctissima
1190 3209 1329 3260 sunt
1377 3219 1579 3262 coram
1616 3201 1863 3279 Angelis
1906 3199 2085 3278 coeli;
2146 3209 2205 3262 et
2238 3205 2508 3263 vicissim
2592 3261 2599 3270 ,

381 3301 728 3374 Adulteria,
787 3304 934 3378 quia·
977 3309 1115 3360 sunt
1161 3306 1460 3362 contraria
1509 3305 1697 3361 amori
1745 3304 2097 3379 conjugiali,
2155 3309 2508 3380 spect-antur

382 3403 459 3460 ab
496 3402 614 3461 illis
649 3410 716 3461 ut
748 3402 1091 3479 prophana:
1146 3422 1284 3462 nam
1326 3404 1547 3481 Angeli
1588 3405 1743 3463 sicut
1776 3406 1836 3461 in
1879 3403 2187 3480 Conjugiis
2229 3408 2510 3480 spectant

381 3504 723 3578 conjugium
766 3503 908 3562 boni
945 3511 1003 3562 et
1045 3507 1205 3576 veri,
1268 3506 1427 3580 quod
1473 3511 1566 3563 est
1616 3503 1896 3574 Coelum,
1949 3506 2033 3561 ita
2078 3505 2139 3561 in
2173 3502 2505 3562 Adulteriis

380 3610 662 3677 spect-ant
700 3605 1040 3681 conjugium
1083 3605 1221 3664 falsi
1264 3613 1324 3665 et
1355 3605 1530 3674 mali,
1583 3604 1739 3679 quod
1789 3610 1881 3663 est
1927 3604 2267 3662 Infernumz
2351 3620 2504 3681 qua-

380 3710 632 3779 propter
667 3703 983 3764 dummodo
1021 3706 1272 3765 audiunt
1306 3707 1598 3765 nominari
1626 3703 2033 3772 Adulterium,
2086 3720 2153 3764 se
2197 3710 2504 3765 avertunt:

377 3822 536 3881 quae
585 3807 764 3864 etiam
809 3813 902 3865 est
932 3824 1145 3882 causa,
1187 3806 1345 3882 quod
1390 3824 1525 3865 cum
1562 3805 1739 3863 homo
1778 3804 2153 3865 Adulterium
2194 3807 2508 3865 committit

377 4018 457 4070 ita
483 4036 642 4082 vera,
685 4037 753 4071 ¹1²
798 4026 931 4081 489.
969 4027 1100 4081 491.
1133 4027 1263 4080 533.
1294 4025 1464 4080 2623.
1510 4028 1678 4081 3373.
1718 4027 1885 4082 4257·
1924 4029 2091 4082 8649·
2119 4028 2287 4081 9807.
2333 4019 2507 4100 Quod

377 4094 561 4147 Filiae
601 4095 938 4149 affectiones
965 4097 1129 4160 boni,
1175 4096 1250 4148 ita
1291 4096 1465 4160 bona,
1510 4116 1567 4150 n:
1614 4105 1745 4158 489.
1787 4105 1915 4158 490.
1961 4106 2089 4160 491.
2132 4105 2304 4158 2362.
2333 4104 2503 4156 3963.

376 4178 548 4230 6729.
585 4179 752 4231 6775.
800 4181 969 4233 6778.
1011 4180 1180 4233 9055.
1263 4173 1433 4250 Quod
1458 4178 1656 4227 Gener
1690 4174 1975 4246 significet
2017 4191 2218 4228 verum
2259 4171 2505 4225 associa·

375 4256 496 4300 tum
537 4247 832 4302 affectioni
873 4250 1037 4328 boni,
1082 4266 1148 4301 n:
1193 4256 1359 4309 2389.
1416 4248 1582 4315 Quod
1627 4253 1817 4302 Nurus
1845 4250 2129 4322 significet
2166 4248 2386 4301 bonum
2418 4263 2502 4299 ae-

373 4323 653 4376 sociatum
697 4343 800 4377 suo
836 4342 1002 4388 vere,
1045 4342 1113 4377 n:
1159 4330 1326 4384 4843.

1927 4399 2071 4461 15*
