3013 5114
1672 262 1693 288 Ο

596 396 704 445 ‘206
1155 380 1265 477 BE
1311 378 1549 434 COELO
1592 377 1684 432 ΕΤ-
1727 375 2062 433 INFERNO.

596 539 783 591 tiones
824 535 1087 607 aperiant
1127 534 1278 588 viam
1322 532 1392 586 ad
1433 534 1724 585 internum
1753 530 2066 593 hominem,
2110 546 2174 581 ac
2203 526 2338 581 dein
2366 528 2724 600 conjungant

594 616 757 668 illum
800 630 929 665 cum
976 621 1215 664 externo
1256 610 1573 662 secundum
1612 625 1782 671 usus,
1846 624 1915 658 n:
1961 602 2341 666 1563.‘1616.
2425 602 2590 669 Quod
2634 620 2722 657 ra.

599 689 813 744 tionale
855 697 1122 740 nascatur
1174 703 1282 757 per
1330 685 1598 739 scientias
1653 694 1710 737 et
1759 683 2155 754 cognitioneS,
2218 699 2288 733 n:
2333 676 2723 741 1895.'1900.

598 774 767 826 3086.
849 767 1067 816 Verum
1112 780 1229 814 non
1271 780 1377 833 per
1419 763 1572 834 ipsas
1615 759 2012 833 cognitiones,
2057 757 2158 811 sed
2198 775 2307 830 per
2347 755 2722 811 affectionem

595 859 802 895 usuum
845 858 909 892 ex
954 840 1088 901 illis,
1132 857 1199 890 n:
1243 846 1411 898 1895.

750 915 923 992 Quod
962 916 1077 966 sint
1118 915 1432 968 scientifica
1473 931 1623 986 quae
1666 912 1978 965 admittunt
2017 927 2156 963 vera
2200 909 2430 974 Divina,
2475 918 2532 962 et
2573 924 2724 981 quae

602 1013 716 1047 non
759 989 1086 1053 admittunt,
1121 1010 1177 1042 n:
1224 998 1392 1051 5213.
1444 988 1609 1055 Quod
1640 987 1954 1042 scientifica
1984 987 2174 1040 inania
2211 985 2558 1040 destruenda
2585 985 2719 1047 sint,

598 1089 666 1123 n:
712 1077 879 1130 1489.
913 1075 1081 1128 1492.
1121 1075 1287 1128 1499.
1334 1075 1502 1126 1580.
1585 1064 1755 1142 Quod
1793 1063 2110 1116 scientifica
2155 1062 2345 1115 inania
2388 1063 2532 1127 sint,
2578 1078 2725 1134 quae

599 1165 711 1218 pro
756 1144 1134 1197 fine.habent
1175 1154 1232 1196 et
1273 1144 1616 1196 confirmant
1662 1157 1890 1193 amores
1945 1139 2031 1191 sui
2078 1149 2135 1192 et
2180 1137 2407 1201 mundi,
2477 1146 2534 1191 et
2576 1154 2724 1209 quae

608 1223 951 1276 abstrahunt
992 1221 1062 1272 ab
1104 1220 1402 1272 amoribus
1445 1220 1504 1270 in
1535 1222 1716 1270 Deum
1758 1226 1815 1271 et
1855 1233 1990 1288 erga
2030 1217 2378 1286 proximum,
2421 1214 2554 1286 quia
2589 1213 2725 1267 talia

602 1299 918 1352 occludunt
958 1298 1256 1349 Internum
1311 1296 1636 1358 hominem,
1704 1311 1887 1364 usque
1929 1292 2074 1345 adeo
2117 1303 2181 1344 ut
2213 1294 2388 1344 homo
2429 1292 2567 1344 dein
2605 1307 2727 1342 non

602 1374 823 1447 aliquid
858 1391 889 1425 e
925 1372 1092 1425 coelo
1123 1373 1389 1442 recipere
1417 1370 1622 1441 possit,
1667 1388 1732 1422 n:
1780 1376 1945 1428 1563.
1991 1376 2160 1428 1600.
2220 1366 2384 1432 Quod
2412 1365 2728 1420 scientifica

606 1452 721 1504 sint
760 1449 948 1502 media
990 1447 1281 1520 sapiendi,
1326 1457 1383 1499 et
1425 1446 1612 1500 media
1656 1443 2015 1509 insaniendi,
2061 1454 2117 1497 et
2160 1443 2317 1516 quod
2360 1461 2467 1514 per
2509 1443 2604 1495 illa
2635 1443 2724 1494 In-

603 1539 802 1581 ternus
849 1527 1023 1578 homo
1061 1524 1153 1577 vel
1194 1525 1491 1595 aperiatur
1537 1522 1632 1576 vel
1674 1520 2006 1585 claudatur,
2071 1530 2129 1574 et
2176 1521 2258 1573 sic
2303 1519 2590 1573 rationale
2628 1517 2726 1571 vel

608 1602 904 1656 excolatur
946 1601 1039 1654 vel
1079 1600 1438 1662 destruatur,
1483 1617 1551 1650 n:
1594 1605 1764 1658 4156.
1803 1605 1973 1658 8628,
2017 1605 2212 1657 9922..

759 1675 924 1743 Quod
956 1674 1222 1729 Internus
1266 1679 1438 1735 homo
1480 1675 1782 1745 aperiatur
1807 1684 1865 1727 et
1895 1675 2219 1728 successive
2247 1671 2586 1744 perficiatur
2618 1687 2728 1742 per

606 1754 951 1810 scientifica,
1017 1752 1061 1804 si
1117 1753 1291 1804 homo
1347 1769 1456 1822 pro
1517 1750 1630 1803 fine
1683 1750 1854 1803 habet
1903 1767 2070 1802 usum
2121 1750 2376 1809 bonum,
2438 1745 2726 1820 imprimis

605 1849 769 1883 usum
813 1830 911 1903 qui
957 1839 1178 1900 spectat
1217 1829 1396 1881 vitam
1437 1837 1751 1890 aeternam,
1795 1844 1862 1878 nt
1907 1834 2076 1887 3086.
2157 1825 2327 1902 Quod
2367 1834 2505 1877 tunc
2547 1823 2727 1876 scien-

603 1906 807 1969 tificiS,
863 1922 1008 1977 quae
1050 1915 1182 1958 sunt
1225 1905 1284 1956 in
1326 1903 1574 1956 naturali
1620 1903 1884 1966 homine,
1949 1912 2263 1955 occurrant
2304 1900 2630 1972 spiritualia
2671 1907 2730 1952 et

605 1982 882 2036 coelestia
924 1999 991 2034 cx
1033 1981 1320 2053 spirituali
1377 1980 1644 2044 homine,
1714 1989 1770 2032 et
1822 1979 2103 2050 adoptent
2155 1977 2595 2040 convenientia,
2657 1993 2724 2027 n:

606 2067 771 2120 1495.
857 2057 1026 2184 Qhuod
1067 2074 1203 2109 usus
1244 2058 1397 2110 vitae
1440 2055 1708 2108 coelestis
1758 2064 1897 2107 tunc
1940 2073 2007 2108 ex
2049 2053 2412 2116 scientificis,
2477 2069 2625 2124 quae
2667 2051 2725 2103 in

604 2134 852 2187 naturali
933 2134 1158 2194 omine,
1222 2150 1330 2203 per
1384 2132 1677 2184 internum
1729 2130 2022 2184 hominem
2064 2147 2095 2183 a
2136 2130 2387 2198 Domino
2429 2129 2729 2182 extrahan-

608 2222 734 2273 tur,
777 2209 1087 2262 elimentur
1128 2217 1184 2260 et
1225 2210 1560 2269 eleventur,
1606 2225 1673 2258 n:
1719 2215 1887 2266 1895.
1936 2215 2103 2267 1896.
2150 2215 2316 2267 1900.
2354 2214 2520 2266 1901.
2557 2212 2728 2264 1902.

606 2293 773 2345 5871.
817 2291 984 2344 5874.
1030 2291 1198 2344 5901.
1285 2285 1354 2336 Et
1396 2282 1557 2354 quod
1599 2283 1914 2336 scientifica
1957 2284 2278 2356 incongrua
2321 2292 2378 2335 et
2416 2281 2725 2336 adversan-

602 2362 683 2415 tia
742 2359 813 2414 ad
870 2361 1050 2413 latera
1110 2358 1453 2425 rejiciantur
1515 2368 1572 2412 ct
1632 2358 2122 2424 exterminentur,
2191 2377 2258 2411 n:
2322 2364 2491 2418 5871.
2553 2364 2724 2418 5886.

754 2511 921 2581 Quod
977 2513 1130 2567 visus
1184 2510 1407 2567 Interni
1464 2512 1714 2565 hominis
1767 2529 1885 2565 non
1925 2511 2040 2565 alia
2080 2522 2289 2565 evocet
2329 2527 2397 2565 ex
2437 2502 2729 2563 scienticis

598 2590 835 2645 Externi
879 2590 1160 2653 hominis,
1208 2608 1379 2661 quam
1421 2607 1569 2661 quac
1614 2600 1746 2642 sunt
1785 2589 2001 2642 amoris
2031 2590 2175 2656 ejus,
2219 2606 2288 2640 n:
2333 2594 2501 2648 9394.
2564 2583 2731 2649 Quod

601 2669 708 2721 sub
746 2668 873 2720 visu
908 2665 1130 2719 luterni
1168 2665 1421 2719 hominis
1460 2666 1518 2717 in
1559 2665 1752 2719 medio
1794 2665 1906 2717 sint
1941 2674 1998 2717 et
2034 2664 2092 2716 in
2127 2664 2286 2717 claro
2326 2680 2471 2736 quae
2514 2662 2730 2714 amoris

604 2754 769 2808 sunt,
816 2741 888 2796 ad
931 2744 1106 2795 latera
1147 2753 1338 2795 autem
1379 2750 1437 2794 et
1473 2742 1533 2793 in
1561 2742 1814 2795 obscuro
1844 2758 1991 2813 quae
2025 2758 2142 2793 non
2183 2740 2417 2802 amoris,
2459 2756 2517 2791 nt
2560 2744 2731 2799 6068.

602 2828 774 2879 6084.
874 2816 1041 2882 Quod
1097 2813 1413 2871 scientifica
1464 2817 1873 2871 convenientia
1926 2816 2252 2871 successive
2310 2815 2732 2886 implantentur

604 2896 729 2963 ejus
771 2894 1100 2956 amoribuS,
1146 2903 1204 2945 et
1239 2892 1403 2965 quasi
1440 2892 1498 2944 in
1534 2893 1622 2946 his
1659 2893 1939 2956 habitent,
1983 2910 2051 2946 n:
2095 2900 2265 2953 6325.
2346 2890 2519 2979 Quod
2556 2893 2730 2944 homo

601 2971 661 3023 in
705 2968 1144 3040 intelligentiam
1189 2978 1558 3032 nasceretur,
1603 2968 1649 3021 si
1682 2969 1740 3021 in
1775 2986 2032 3022 amorem
2072 2985 2209 3041 erga
2236 2984 2585 3039 proximum,
2630 2964 2729 3019 sed

603 3046 739 3117 quia
782 3046 839 3096 in
881 3060 1140 3097 amorem
1183 3044 1372 3097 sui—et
1413 3044 1633 3109 mundi,
1679 3044 1834 3117 quod
1878 3054 2147 3097 nascatur
2189 3045 2248 3096 in
2289 3044 2524 3097 totalem
2570 3043 2729 3115 igno-

603 3120 878 3184 rantiam,
925 3137 993 3172 nx
1036 3127 1204 3178 6323.
1247 3127 1415 3180 6325.
1498 3120 1668 3198 Quod
1711 3120 1971 3183 scientia,
2016 3120 2399 3193 intelligentia
2423 3130 2482 3174 et
2508 3120 2731 3191 sapien-

603 3197 683 3250 tia
725 3197 839 3249 sint
877 3194 981 3248 filii
1019 3196 1235 3248 amoris
1262 3195 1322 3248 in
1356 3195 1539 3249 Deum
1567 3207 1625 3250 et
1653 3197 1869 3250 amoris
1895 3213 2030 3269 erga
2065 3196 2415 3268 proximum,
2457 3214 2514 3248 nx
2560 3202 2729 3255 1226.

776 3366 943 3433 Quod
983 3366 1139 3420 aliud
1181 3367 1256 3421 sit
1297 3384 1534 3440 sapere,
1596 3366 1753 3420 aliud
1806 3366 2166 3441 intelligere,
2229 3366 2389 3421 aliud
2428 3366 2611 3431 scire,
2673 3375 2733 3419 et

602 3444 759 3500 aliud
802 3444 1029 3508 facere,
1094 3443 1191 3497 sed
1240 3444 1400 3516 quod
1433 3460 1618 3516 usque
1655 3444 1809 3515 apud
1855 3445 1987 3497 illos
2039 3444 2138 3516 qui
2180 3444 2240 3497 in
2279 3445 2399 3497 vita
2440 3441 2731 3514 spirituali

605 3533 769 3586 sunt,
832 3521 1040 3573 ordine
1083 3531 1548 3594 consequantur,
1611 3538 1678 3573 ac
1733 3520 1791 3572 in
1845 3520 2039 3573 facere
2094 3537 2195 3573 seu
2248 3520 2309 3572 in
2352 3519 2520 3573 factis
2563 3518 2733 3571 simul

605 3598 752 3662 sint,
794 3613 869 3649 n:
915 3605 1120 3657 10331.
1204 3597 1373 3674 Quod
1422 3598 1594 3650 ctiam
1633 3595 1792 3650 aliud
1831 3598 1908 3650 sit
1947 3596 2131 3662 scire,
2186 3596 2345 3649 aliud
2392 3611 2728 3667 agnoscere,

608 3683 666 3727 et
709 3671 866 3726 aliud
900 3673 1069 3725 fidem
1107 3672 1357 3737 habere,
1399 3691 1467 3725 n:
1515 3681 1645 3733 896.

760 3764 925 3830 Quod
972 3766 1301 3819 scientifica
1344 3784 1491 3839 quae
1534 3776 1666 3819 sunt
1706 3766 1941 3819 Externi
1987 3783 2088 3820 seu
2138 3765 2418 3819 naturalis
2456 3763 2728 3829 hominis,

606 3841 721 3894 sint
762 3843 820 3894 in
861 3842 988 3893 luce
1034 3842 1290 3905 mundis
1333 3846 1488 3895 Vera
1528 3853 1716 3896 autem
1765 3860 1911 3914 quae
1947 3842 2098 3896 facta
2139 3852 2272 3896 sunt
2303 3840 2437 3894 fidei
2480 3851 2540 3894 et
2577 3857 2730 3893 amo·

603 3917 719 3979 ris»,
782 3927 839 3969 et
872 3917 954 3968 sic
997 3917 1173 3967 vitam
1218 3917 1458 3989 adepta,
1526 3919 1640 3972 sint
1680 3918 1740 3971 in
1778 3919 1908 3972 luce
1949 3919 2134 3984 coeli,
2195 3937 2265 3972 n:
2310 3926 2479 3978 5212.
2560 3914 2733 3993 Quod

605 4009 776 4054 vera,
841 4008 987 4062 quae
1029 3991 1205 4043 vitam
1248 3993 1612 4063 spiritualem
1665 3994 1875 4065 adepta
1929 4005 2100 4060 sunt,
2162 3993 2731 4066 comprehendantur

602 4084 712 4139 per
753 4064 909 4118 ideas
950 4066 1273 4128 naturalcS,
1318 4086 1387 4120 n:
1434 4077 1602 4129 5510.
1685 4069 1849 4136 Quod
1894 4070 2138 4124 influxus
2180 4070 2503 4141 spiritualis
2545 4069 2618 4123 sit
2656 4067 2728 4121 ab

557 4209 572 4228 Ι
603 4147 843 4197 lnterno
885 4159 985 4195 seu
1026 4141 1315 4213 spirituali
1356 4145 1591 4198 homine
1634 4146 1692 4198 in
1729 4146 2044 4200 scientifica
2073 4164 2221 4220 quae
2251 4147 2310 4198 in
2346 4148 2600 4199 Externo
2629 4159 2730 4197 seu

603 4218 891 4281 naturali,
957 4236 1023 4270 n:
1069 4225 1237 4279 1940.
1284 4227 1452 4280 8005.
1536 4221 1708 4298 Quod
1748 4223 2063 4277 scientifica
2103 4223 2218 4276 sint
2260 4221 2628 4292 receptacula
2671 4228 2729 4273 et

606 4295 768 4368 quasi
810 4310 943 4348 vasa
985 4294 1109 4347 veri
1154 4305 1210 4349 et
1248 4295 1424 4361 boni,
1469 4315 1617 4369 quae
1659 4298 1877 4351 Interni
1920 4298 2194 4364 hominis,
2236 4317 2304 4352 n:
2349 4304 2516 4360 1469.
2562 4302 2728 4358 1496.
