3013 5114
554 408 624 462 40
1178 399 1269 451 DE
1312 394 1547 452 COELO
1591 397 1682 450 ET
1724 395 2054 450 INFERNO.

554 551 807 649 Quod
877 548 1243 621 Coclum
1315 551 1400 619 in
1466 567 1670 621 toto
1726 567 1809 621 et
1875 551 1959 621 in
2024 565 2277 647 parte
2331 549 2669 622 referat

553 653 1030 739 hominem,
1133 651 1370 747 quod
1461 652 1575 722 sit
1654 675 1752 721 ex
1849 651 2181 721 Divino
2267 651 2667 722 Humano

1412 753 1791 823 Domini.

712 889 821 946 78.
879 886 1055 963 Quod
1103 885 1354 946 Coelum
1405 888 1467 944 in
1515 893 1642 946 toto
1680 890 1835 947 etin
1868 891 2043 962 parte
2086 886 2311 946 referat
2346 887 2661 962 hominem,
2731 908 2744 915 ·

553 989 713 1067 quod
748 989 826 1048 sit
869 1005 943 1048 ex
993 987 1214 1046 Divino
1249 987 1528 1047 Humano
1565 989 1837 1058 Domini,
1885 987 2157 1063 sequitur
2205 993 2269 1047 ut
2322 987 2665 1070 conclusum

554 1109 628 1150 ex
665 1088 940 1150 omnibus
987 1087 1136 1162 illis,
1205 1105 1359 1165 quae
1400 1091 1464 1147 in
1510 1087 2017 1165 praecedentibus
2070 1087 2357 1146 Articulis
2393 1087 2561 1148 dicta
2610 1095 2668 1149 et

554 1197 801 1251 ostensa
869 1195 1039 1263 sunt,
1111 1191 1172 1247 in
1241 1188 1530 1249 Articulis
1600 1188 2105 1267 praecedentibus
2177 1195 2487 1248 ostensum
2556 1197 2664 1264 est,

550 1293 599 1351 I.
645 1289 836 1367 Quod
859 1288 1193 1350 Dominus
1223 1288 1314 1350 sit
1342 1287 1535 1353 Deua
1574 1286 1747 1350 coeli.
1801 1289 1878 1348 ΙΙ.
1924 1287 2118 1364 Quod
2154 1287 2479 1350 Divinum
2514 1288 2664 1351 Do-

549 1391 715 1453 mini
736 1389 956 1471 faciat
985 1386 1239 1450 coelum.
1319 1384 1430 1449 ΙΙΙ.
1485 1389 1681 1467 Quod
1708 1387 1963 1450 Coelum
2004 1382 2320 1450 consistat
2354 1409 2435 1451 eoe
2478 1390 2668 1452 innu-

550 1491 746 1553 meris
782 1488 1208 1551 Societatibus
1221 1510 1248 1561 ‚·
1285 1497 1345 1550 et
1371 1489 1539 1569 quod
1572 1489 1964 1569 unaquaevie
2002 1489 2290 1551 Societas
2318 1492 2408 1552 ait
2432 1489 2670 1552 coelum

550 1592 622 1653 in
665 1591 908 1652 minore
944 1591 1171 1671 forma
1188 1610 1216 1662 ;
1286 1597 1346 1651 et
1405 1586 1842 1670 unusquisque
1894 1589 2190 1670 Anyelus
2246 1592 2318 1652 iu
2377 1591 2665 1653 minima.

548 1692 656 1752 IV.
703 1690 894 1766 Quod
915 1689 1283 1751 universum
1315 1689 1571 1752 Coelum
1606 1692 1677 1752 in
1701 1710 1825 1752 uuo
1855 1689 2187 1770 compleam
2210 1693 2450 1772 referat
2471 1711 2670 1753 unum

548 1790 880 1854 hommem.
959 1791 1036 1851 V.
1100 1790 1291 1867 Quod
1343 1793 1733 1871 unaquaevz‘s
1777 1790 2064 1853 Societas
2103 1793 2174 1853 in
2218 1790 2428 1854 Coelio
2475 1794 2670 1854 etiam

549 1893 788 1973 referat
824 1911 1025 1954 uuum
1064 1891 1396 1954 hominem.
1477 1893 1586 1952 VI.
1646 1892 1837 1970 Quod
1873 1891 2023 1954 inde
2057 1894 2489 1974 uuusquisque
2524 1896 2668 1955 Au-

548 1991 733 2074 9elus
780 1993 872 2054 sit
921 1994 992 2054 in
1019 1993 1309 2074 perfecta
1352 1995 1570 2070 forma
1605 1993 1927 2068 humanm
1980 1996 2149 2056 Haec
2188 1997 2387 2054 omnia
2421 1996 2671 2055 conclu-

551 2096 729 2169 dunt,
799 2095 962 2170 quod
1003 2095 1318 2164 Divinum,
1381 2098 1522 2170 quia
1568 2097 1713 2154 facit
1756 2094 2023 2169 coelum,
2089 2098 2167 2155 sit
2217 2096 2559 2156 Humanum
2610 2097 2671 2153 in

555 2196 766 2255 forma.
851 2193 1029 2270 Quod
1074 2193 1191 2252 hoc
1238 2198 1318 2254 sit
1360 2194 1648 2253 Divinum
1696 2195 2038 2254 Humanum
2089 2197 2360 2272 Domini,
2428 2214 2503 2256 ex
2549 2194 2672 2256 illis

557 2311 714 2371 quae
751 2294 886 2353 loco
925 2293 1228 2354 corollarii
1263 2311 1340 2354 ex
1384 2294 1643 2355 Arcanis
1681 2295 2043 2356 coelestibus
2081 2304 2394 2374 assumpta
2433 2305 2494 2357 et
2540 2297 2671 2358 col-

548 2396 676 2454 lata
718 2401 888 2470 sunt,
946 2395 1144 2454 adhuc
1184 2395 1404 2454 clarius
1455 2395 1647 2455 videri
1695 2403 1928 2473 potest,
1992 2400 2132 2474 quia
2183 2400 2246 2456 in
2295 2399 2666 2476 compendio.

550 2495 727 2574 Quod
760 2495 1104 2555 Humanum
1139 2496 1384 2556 Domini
1418 2498 1498 2556 sit
1530 2496 1846 2573 Divinum,
1914 2503 1973 2557 et
2008 2516 2129 2559 non
2165 2501 2321 2560 sieut
2356 2502 2513 2560 intra
2546 2500 2669 2560 Ec-

553 2599 802 2659 clesiam
846 2598 1143 2671 creditur,
1199 2599 1359 2676 quod
1412 2599 1757 2659 Humanum
1813 2598 2015 2677 Ipsius
2068 2618 2189 2661 non
2238 2603 2318 2660 sit
2364 2602 2666 2677 Divinum,

436 2741 439 2746 «
552 2702 734 2760 etiam
768 2717 806 2757 a
845 2698 1129 2759 Collectis
1163 2700 1282 2760 illis
1319 2700 1510 2761 videri
1556 2707 1790 2778 potest,
1857 2707 1918 2761 et
1965 2720 2203 2779 quoque
2254 2719 2327 2762 ex
2377 2702 2668 2762 Doctrina

557 2800 820 2860 Sanctae
856 2799 1317 2877 Hierosolymae
1354 2801 1433 2860 ad
1465 2801 1678 2871 finem,
1727 2801 1829 2860 ubi
1864 2804 2062 2879 agitur
2098 2803 2172 2861 de
2206 2802 2483 2863 Domino.

712 2902 820 2958 79.
892 2897 1069 2973 Quod
1112 2901 1198 2957 ita
1253 2902 1359 2971 sit,
1426 2918 1501 2959 ex
1553 2900 1712 2976 pluri
1762 2905 2132 2977 experientia
2181 2904 2326 2962 mihi
2378 2910 2665 2963 testatum

547 3002 772 3059 factum
809 3005 934 3073 est,
975 2998 1048 3057 de
1088 3016 1206 3075 qua
1243 2999 1469 3076 aliquid
1502 3001 1563 3059 in
1598 3018 1755 3061 nunc
1790 3003 2200 3084 sequentibus
2280 3003 2503 3064 Omnes
2532 3006 2667 3063 An-

548 3099 668 3177 geli
718 3100 820 3177 qui
866 3099 930 3157 in
981 3098 1167 3158 coelis
1229 3105 1395 3171 sunt,
1446 3117 1753 3178 ⁸nusquam
1803 3103 2089 3162 Divinum
2144 3106 2256 3164 sub
2310 3105 2430 3163 alia
2476 3106 2668 3165 forma

550 3217 729 3275 quam
776 3200 1059 3259 Humana
1109 3201 1482 3276 percipiunt:
1558 3212 1618 3260 et
1666 3203 1825 3279 quod
1876 3205 2121 3278 mirum,
2178 3208 2282 3281 qui
2339 3207 2402 3264 in
2466 3205 2666 3266 Coelis

550 3299 964 3377 superioribus
990 3379 995 3384 Ι
1025 3309 1193 3376 sunt,
1267 3318 1386 3361 non
1436 3308 1693 3379 possunt
1740 3304 1915 3363 aliter
1969 3304 2043 3363 de
2095 3305 2318 3364 Divino
2370 3308 2670 3383 cogitate5

547 3403 823 3462 feruntur
855 3404 917 3460 in
950 3400 1116 3460 illam
1153 3402 1453 3479 cogitandi
1492 3406 1919 3464 necessitatem
1956 3421 2031 3463 ex
2064 3406 2212 3481 Ipso
2246 3406 2470 3467 Divino
2508 3406 2668 3484 quod

547 3503 772 3574 influit,
826 3510 886 3563 et
923 3520 1163 3581 quoque
1205 3521 1280 3563 ex
1313 3503 1506 3562 forma
1541 3504 1721 3577 coeli,
1760 3504 2093 3565 secundum
2134 3524 2313 3582 quam
2349 3509 2667 3584 cogitatio-

546 3619 656 3663 nes
698 3603 936 3663 illorum
963 3620 1030 3663 se
1069 3607 1294 3666 circum
1330 3603 1657 3664 extendunt
1669 3625 1685 3681 3
1743 3607 1934 3665 omnis
1972 3609 2130 3665 enim
2166 3608 2469 3683 cogitatio,
2509 3624 2665 3683 quae

548 3710 642 3763 est
666 3705 935 3781 AngeliS,
976 3709 1386 3765 extensionem
1419 3705 1605 3765 habet
1643 3707 1701 3765 in
1741 3706 1993 3781 coelum,
2036 3714 2097 3766 et
2131 3707 2463 3768 secundum
2498 3707 2664 3767 illam

546 3844 665 3853 ——-—

547 3921 772 3975 ordinis
813 3940 844 3975 a
888 3923 1175 3988 Domino,
1239 3924 1314 3977 sit
1368 3924 1426 3976 in
1479 3926 1725 3981 humana
1779 3926 1968 3980 forma
2022 3927 2283 4000 perfecta
2325 3938 2382 3982 et
2421 3927 2666 3999 pulchra

547 3997 859 4052 secundum
901 4000 1320 4071 receptionem,
1365 4017 1430 4051 n:
1477 4008 1608 4061 322.
1658 4010 2033 4064 1880.1881.
2074 4012 2242 4065 3633.
2287 4011 2455 4065 3804.
2492 4011 2664 4064 4622.

548 4079 714 4135 4735.
751 4082 920 4135 4797.
958 4082 1128 4135 4985.
1167 4083 1334 4135 5199.
1375 4082 1544 4135 5530.
1584 4085 1754 4140 6054.
1793 4085 1960 4140 9879.
1999 4088 2206 4141 10177.
2239 4086 2446 4143 10594.
2492 4079 2663 4155 Quod

545 4150 822 4203 Divinum
867 4168 1072 4204 verum
1119 4151 1194 4205 sit
1247 4169 1356 4223 per
1417 4153 1577 4222 quod
1630 4154 1812 4218 ordo,
1877 4166 1935 4209 et
1986 4157 2260 4210 Divinum
2315 4157 2537 4209 bonurn
2592 4155 2669 4207 sit

546 4227 852 4280 essentiale
904 4226 1166 4291 ordinis,
1229 4245 1295 4280 n:
1362 4234 1529 4289 2451.
1594 4238 1760 4291 3166.
1818 4240 1983 4293 4390.
2039 4240 2207 4295 4409.
2267 4241 2432 4292 5232.
2492 4238 2664 4291 7256.

549 4310 753 4365 10122.
800 4311 1004 4367 10555.
