3013 5114
580 416 690 472 288
1193 404 1286 458 DE
1328 403 1568 464 COELO
1632 403 1728 459 ΕΤ
1767 401 2108 461 LNFERNO.

580 568 759 627 homo
797 567 859 623 in
896 563 1147 624 Coelum
1185 567 1423 639 veniat,
1464 567 1564 625 cui
1600 582 1766 625 arnor
1804 562 2087 623 coelestis
2125 570 2187 622 et
2222 563 2555 640 spiritualis
2593 571 2713 639 est,

586 685 658 728 ac
694 669 755 726 in
788 664 1093 724 Infernum
1141 667 1239 725 cui
1275 683 1442 727 amor
1477 682 1806 742 corporeus
1836 671 1897 724 et
1931 666 2269 727 mundanus
2300 664 2529 741 absque
2567 683 2716 728 coe-

580 768 719 828 lesti
760 774 819 826 et
852 765 1169 842 spirituali.
1241 766 1534 842 Qum-ro,
1577 766 1734 843 quod
1768 764 1919 825 fides
1954 782 2073 824 non
2109 771 2351 826 maneat
2387 766 2710 845 hominem,

581 872 633 929 si
676 884 793 926 non
836 885 908 927 ex
946 884 1147 926 amore
1194 868 1447 927 coelesti
1486 870 1583 927 sit.
1684 866 1961 944 Qum-ro,
2019 866 2181 945 quod
2227 884 2395 926 amor
2442 873 2584 928 actu
2628 871 2714 928 sit

584 972 687 1047 qui
724 975 957 1042 manet,
1013 970 1097 1027 ita
1137 969 1296 1044 quod
1332 971 1455 1028 vita
1490 969 1761 1028 hominis.

745 1074 908 1129 479.
997 1067 1189 1144 Quod
1229 1068 1410 1130 homo
1455 1072 1609 1148 post
1654 1074 1919 1129 mortem
1974 1069 2064 1129 sit
2114 1087 2278 1130 suus
2327 1086 2545 1143 amor,
2598 1088 2713 1132 seu

583 1189 708 1234 cua
753 1166 1079 1243 volunta-9,
1137 1188 1174 1228 a
1216 1170 1531 1247 multiplici
1575 1172 1947 1247 experientia
1986 1177 2271 1229 testatum
2307 1170 2452 1229 mihi
2484 1170 2715 1232 factum

585 1280 699 1333 est.
798 1245 1159 1333 Universuin
1207 1271 1454 1332 Coelum
1496 1279 1592 1330 est
1640 1270 1982 1330 distinctum
2015 1273 2077 1329 in
2113 1274 2437 1331 societates
2484 1287 2710 1331 secun-

583 1375 725 1433 dum
777 1373 1138 1431 differentias
1190 1372 1331 1431 boni
1381 1374 1631 1447 amoris,
1684 1378 1745 1431 et
1794 1358 2221 1450 unusquisque'
2261 1355 2540 1449 spiritus,
2606 1376 2716 1450 qui

583 1475 861 1536 evehitur
897 1475 955 1530 in
1007 1472 1257 1533 Coelum
1303 1480 1364 1532 et
1412 1472 1479 1531 fit
1527 1471 1812 1550 angelus,
1867 1474 2058 1533 fertur
2106 1473 2183 1531 ad
2220 1475 2572 1533 societatem
2606 1473 2715 1534 ubi

584 1592 753 1633 amor
790 1574 921 1650 ejus
950 1579 1076 1643 est,
1114 1580 1174 1633 et
1208 1590 1345 1632 cum
1380 1573 1523 1633 illuc
1564 1575 1730 1633 venit
1770 1581 1867 1635 est
1908 1577 2066 1634 sicut
2106 1574 2266 1652 apud
2312 1591 2408 1649 se,
2449 1590 2520 1635 ac
2547 1576 2711 1635 sicut

586 1676 744 1734 domi
780 1673 883 1733 ubi
920 1676 1094 1750 quasi
1131 1680 1335 1753 natus3
1390 1674 1505 1735 hoc
1545 1677 1802 1754 percipit
1838 1675 2120 1753 angelus,
2162 1692 2235 1735 ac
2271 1675 2354 1734 ibi
2390 1678 2712 1737 consocia-

583 1782 685 1834 tur
721 1777 818 1835 sui
853 1773 1181 1835 similibus:
1238 1793 1371 1836 cum
1416 1775 1556 1835 inde
1607 1776 1762 1850 abit,
1831 1783 1889 1835 et
1930 1776 2048 1835 alio
2099 1778 2294 1849 venit,
2360 1783 2452 1835 est
2479 1777 2714 1855 jugiter

586 1859 805 1953 alitiuis
833 1878 1100 1952 renisuS,
1157 1885 1217 1937 et
1260 1885 1352 1937 est
1394 1878 1628 1937 affectio
1674 1877 1953 1937 desiderii
1987 1876 2277 1941 redeundi
2310 1877 2385 1934 ad
2414 1880 2510 1937 sui
2535 1879 2712 1937 simi-

581 1978 707 2053 leS,
758 1979 843 2036 ita
877 1976 955 2035 ad
995 1994 1169 2037 suum
1207 1996 1468 2037 amorem
1514 1986 1896 2055 regnantem:
1934 1980 2018 2036 ita
2051 1978 2202 2036 fiunt
2232 1980 2712 2038 consociationes

578 2081 642 2138 in
679 2077 900 2151 Coelo;
956 2079 1229 2137 similiter
1283 2082 1343 2138 in
1396 2080 1655 2154 inferno,
1728 2078 1832 2137 ubi
1880 2096 2119 2156 quoque
2178 2081 2506 2139 consociati
2565 2087 2714 2140 sunt

581 2177 911 2261 secundnm
949 2194 1183 2237 amores
1214 2177 1578 2237 coelestibus
1616 2181 1976 2239 contrarios:
2030 2178 2188 2255 quod
2226 2182 2549 2240 societates
2588 2183 2714 2240 sint

582 2295 737 2354 quae
769 2278 1138 2336 constituunt
1183 2277 1460 2350 Coelum,
1521 2286 1851 2355 etquoque
1898 2281 2234 2349 Infernuu13
2290 2288 2351 2341 et
2387 2281 2547 2358 quod
2571 2298 2709 2342 om-

581 2394 691 2438 nes
731 2376 873 2436 illae
905 2376 1221 2439 distinctae
1259 2382 1377 2438 sint
1411 2380 1742 2440 secundum
1780 2380 2144 2441 differentias
2184 2385 2433 2457 amoriS,
2491 2381 2709 2443 videa-

577 2489 676 2539 tur
729 2496 920 2555 supra
965 2496 1035 2538 n:
1089 2484 1172 2539 41
1214 2479 1290 2539 ad
1327 2482 1448 2555 50,
1503 2487 1563 2541 ct
1621 2499 1689 2539 n:
1747 2485 1886 2543 200
1920 2483 2190 2542 ad212.
2294 2481 2471 2560 Quod
2526 2484 2710 2543 homo

577 2590 719 2660 post
762 2587 1015 2640 mortem
1067 2585 1143 2642 sit
1198 2600 1346 2642 suus
1397 2601 1593 2658 amor,
1668 2583 1805 2643 inde
1861 2602 2098 2662 quoque
2156 2591 2432 2646 constare
2486 2588 2708 2663 potuit,

577 2683 742 2761 quod
784 2692 923 2741 tunc
958 2691 1384 2743 removeantur
1425 2692 1485 2743 et
1522 2687 1697 2761 quasi
1733 2684 2081 2744 auferantur
2120 2689 2177 2746 ei
2209 2686 2347 2760 illa,
2393 2704 2548 2762 quae
2585 2704 2712 2746 non

576 2801 758 2842 unum
816 2785 1043 2842 faciunt
1092 2802 1227 2843 cum
1281 2802 1483 2844 amore
1538 2787 1669 2862 ejus
1724 2793 2043 2862 regnante,
2096 2789 2198 2863 qui
2232 2787 2423 2846 bonus
2465 2794 2595 2860 est,
2649 2792 2712 2849 ei

575 2891 962 2960 removentur
1008 2890 1068 2942 et
1107 2888 1278 2961 quasi
1319 2886 1672 2946 auferuntur
1726 2889 1924 2946 omnia
1977 2887 2380 2972 discordantia
2428 2904 2541 2949 seu
2577 2891 2711 2950 dis-

473 2986 480 2992 '
579 2983 865 3056 sidentia,
926 2990 988 3040 et
1023 2985 1108 3042 sic
1148 2986 1483 3044 immittitur
1518 2989 1579 3045 in
1615 3004 1876 3047 amorem
1915 3005 2123 3066 suum3
2178 2988 2450 3048 similiter
2486 2992 2706 3066 malus„

574 3083 684 3141 sed
732 3099 865 3141 cum
905 3082 1239 3142 differentia
1276 3086 1436 3161 quod
1470 3086 1613 3147 huic
1654 3091 2002 3148 auferantur
2036 3106 2200 3164 vera,
2240 3107 2312 3148 ac
2350 3090 2512 3166 quod
2545 3093 2708 3152 bono

577 3183 923 3245 auferantur
948 3182 1128 3257 salsa,
1166 3200 1360 3260 usque
1387 3187 1630 3247 tandem
1664 3195 1731 3246 ut
1758 3191 2014 3266 quisque
2041 3189 2146 3248 fiat
2173 3207 2319 3251 suus
2348 3209 2515 3250 amor
2531 3213 2546 3268 ;
2584 3194 2704 3254 hoc

576 3284 643 3345 fit
679 3303 811 3346 cum
842 3285 1018 3344 homo
1056 3287 1302 3362 spiritus
1339 3287 1687 3364 perducitur
1711 3291 1772 3348 in
1799 3292 2039 3349 tertium
2067 3297 2322 3366 statum,
2382 3291 2455 3350 de
2485 3311 2604 3369 quo
2640 3298 2709 3355 in

577 3388 987 3466 sequentibus.
1046 3385 1198 3447 Cum
1233 3387 1345 3447 hoc
1382 3389 1604 3448 factum
1632 3396 1754 3465 est,
1802 3395 1941 3451 tunc
1969 3392 2183 3451 faciem
2209 3409 2380 3452 suam
2409 3398 2708 3456 convertit

580 3496 927 3550 constanter
961 3488 1038 3548 ad
1065 3506 1240 3549 suum
1269 3507 1549 3580 amorem,
1577 3507 1755 3567 quem
1782 3494 2060 3553 continue
2092 3500 2231 3552 ante
2260 3494 2468 3555 oculos
2496 3495 2703 3573 habet,

576 3596 883 3667 utcunque
922 3608 991 3651 se
1027 3593 1461 3666 circumvertit,
1499 3592 1776 3652 videatur
1802 3584 1990 3669 supra
2031 3612 2089 3652 n:
2133 3597 2293 3654 123.
2331 3598 2491 3654 124.
2548 3596 2705 3658 Om-

570 3706 682 3748 nes
714 3689 972 3767 Spiritus
1000 3699 1258 3769 possunt
1294 3692 1458 3767 duci,
1497 3710 1853 3774 quocunque
1889 3694 2055 3766 libet,
2085 3694 2261 3754 modo
2296 3703 2613 3757 teneantur
2638 3700 2703 3758 in

574 3806 685 3848 suo
716 3807 917 3850 amore
964 3801 1285 3869 regnante,
1339 3798 1449 3854 neb
1479 3791 1746 3871 'possunt
1772 3797 2088 3871 resistere,
2147 3803 2450 3875 utcunque
2502 3802 2705 3858 sciunt

575 3888 735 3965 quod
764 3892 852 3948 ita
887 3891 1009 3964 fiat,
1050 3910 1120 3952 ac
1146 3896 1411 3969 cogitant
1455 3894 1616 3970 quod
1642 3899 1895 3956 renisuri
1923 3898 2041 3955 sint
2053 3916 2069 3972 3
2120 3897 2353 3974 pluries
2403 3904 2706 3959 tentatum

574 3993 684 4060 est,
713 4007 855 4048 num
876 3999 1082 4049 contra
1100 3992 1268 4050 illum
1297 3992 1523 4069 aliquid
1543 4013 1722 4072 agere
1742 4005 2013 4075 possent,
2036 3997 2146 4057 sed
2165 4000 2469 4060 incassum
2481 4020 2499 4077 3
2532 4017 2703 4062 amor

569 4087 808 4149 illorum
851 4096 944 4148 est
982 4092 1138 4149 sicut
1176 4093 1480 4151 vinculum
1511 4103 1614 4152 aut
1654 4099 1809 4155 sicut
1848 4098 2006 4157 funis
2019 4143 2038 4174 ,
2082 4116 2198 4174 quo
2236 4103 2409 4175 quasi
2436 4104 2698 4161 circum-

568 4188 740 4267 ligati
774 4197 941 4261 sunt,
994 4208 1104 4267 per
1143 4209 1322 4269 quem
1362 4192 1518 4252 trahi
1561 4204 1850 4273 possunt,
1909 4206 1969 4258 et
2016 4218 2054 4257 a
2099 4218 2214 4277 quo
2255 4207 2336 4260 ’se
2377 4203 2699 4263 exsolvere

570 4299 909 4377 nequeunt:
975 4293 1168 4355 simile
1218 4293 1284 4354 fit
1324 4312 1457 4356 cum
1503 4296 1840 4358 hominibus
1889 4302 1950 4359 in
2005 4300 2256 4372 mundo,
2312 4320 2463 4380 quos
2513 4305 2700 4364 etiam
