3013 5114
578 433 685 487 31⁶2
954 486 971 503 ο
1192 422 1283 473 ΒΕ
1330 420 1565 474 COELO
1613 420 1704 472 ET
1746 419 2082 475 INFERNO.

577 583 775 663 qualis
814 582 1000 655 soret,
1054 583 1109 640 si
1156 579 1327 655 talis,
1381 582 1436 639 si
1469 595 1653 657 agere
1703 581 1761 640 ei
1794 577 2006 640 liceret
2039 578 2270 655 absque
2306 576 2516 637 timore
2551 575 2714 655 legis

583 692 646 747 et
681 685 880 752 vitae,
928 687 990 741 et
1027 679 1259 758 absque
1287 680 1545 744 vinculis
1583 682 1879 754 externis,
1935 695 2091 755 quae
2127 685 2267 738 sunt
2301 679 2575 749 timores,
2626 696 2710 736 ne

574 782 855 845 laedatur
909 781 1110 859 quoad
1172 782 1424 855 famam,
1486 797 1561 840 ac
1609 797 1685 840 ne
1746 783 2016 858 privetur
2066 779 2320 852 honore,
2387 778 2585 853 lucro,
2641 784 2712 839 et

577 881 990 961 voluptatibus
1043 880 1201 943 inde'.
1292 880 1414 943 Sed
1465 897 1658 958 usque
1725 882 2038 941 coercetur
2092 881 2329 939 insania
2376 878 2613 940 illorum
2664 898 2712 939 a

573 983 863 1058 Domino,
917 1001 993 1043 ne
1028 988 1170 1043 ruat
1209 982 1371 1042 ultra
1415 983 1636 1041 limites
1684 998 1864 1056 usuS,
1918 998 2057 1040 nam
2102 980 2178 1038 ab
2228 984 2560 1056 unoquovis
2597 980 2711 1040 tali

574 1102 770 1163 usque
805 1083 872 1144 fit
910 1100 1060 1144 usus
1075 1104 1092 1160 ;
1145 1083 1288 1142 boni
1343 1084 1594 1160 spiritus
1643 1083 1704 1141 in
1752 1079 1872 1141 ssus
1910 1081 2114 1141 vident
2149 1080 2291 1157 qnid
2331 1080 2584 1154 malum,
2639 1088 2710 1141 et

582 1184 762 1264 quale
812 1184 912 1261 id,
983 1190 1064 1244 et·
1093 1183 1287 1261 qualis
1334 1183 1514 1243 homo
1561 1184 1615 1241 si
1661 1199 1778 1242 non
1823 1180 2060 1245 ducitur
2105 1198 2142 1240 a
2187 1181 2444 1241 Domino
2458 1201 2477 1258 3
2554 1197 2708 1242 usus

579 1289 761 1348 etiam
801 1273 918 1375 estg,
979 1284 1140 1362 quod
1183 1302 1296 1369 per
1330 1283 1468 1343 illos
1518 1282 1878 1361 colligantur
1917 1283 2060 1342 mali
2098 1280 2353 1356 simileS,
2409 1299 2480 1341 ac
2515 1300 2706 1361 sepa-

576 1393 784 1448 rentur
824 1403 861 1446 a
895 1383 1068 1445 bonis
1081 1405 1098 1462 3
1153 1392 1277 1444 tum
1318 1382 1477 1461 quod
1514 1401 1657 1443 vera
1695 1390 1755 1443 et
1789 1384 1976 1454 bona,
2032 1400 2187 1460 quae
2223 1383 2364 1441 mali
2396 1383 2456 1442 in
2493 1390 2704 1443 exter·

572 1489 668 1548 nis
701 1484 1118 1564 praetulerunt
1153 1502 1223 1544 ac
1259 1485 1489 1544 mentiti
1525 1491 1697 1554 sunt,
1747 1483 1867 1544 illis
1903 1484 2281 1558 auferantur,
2338 1500 2409 1542 ac
2444 1485 2505 1543 in
2540 1483 2706 1542 mala

571 1602 727 1648 suae
775 1587 939 1645 vitae
987 1590 1048 1645 et
1087 1588 1148 1644 in
1189 1584 1342 1644 falsa
1389 1584 1531 1644 mali
1581 1585 1942 1659 inferantur,
2015 1591 2077 1644 et
2122 1585 2211 1644 sic
2260 1590 2703 1661 praeparentur
2735 1641 2748 1646 ,

574 1687 655 1747 ad
687 1687 1013 1762 infernum;
1071 1702 1210 1744 nam
1245 1687 1568 1763 non-prius
1604 1685 1821 1762 aliquis
1851 1686 1910 1744 in
1943 1686 2241 1745 infernum
2276 1686 2471 1758 venit,
2517 1703 2704 1767 quain

572 1804 711 1847 cum
748 1790 805 1845 in
842 1785 1000 1846 malo
1039 1802 1152 1847 suo
1183 1804 1255 1847 ac
1285 1789 1347 1846 in
1381 1786 1554 1846 falsis
1590 1786 1733 1846 mali
1770 1793 1862 1845 est
1874 1806 1890 1862 3
1949 1788 2229 1868 quoniam
2264 1802 2383 1844 non
2415 1783 2558 1846 licet
2585 1785 2705 1845 ali-—

571 1890 672 1949 cui
706 1887 791 1948 ibi
826 1886 1079 1948 divisam
1103 1894 1362 1948 mentem
1389 1885 1616 1955 habere
1633 1931 1651 1962 ,
1690 1903 1907 1963 nempe
1944 1885 2111 1945 aliud
2142 1887 2407 1963 cogitare
2437 1892 2498 1945 et
2531 1885 2708 1963 loqui

572 1994 636 2050 et
672 1988 836 2050 aliud
875 1989 1060 2066 velle3
1116 1990 1369 2065 quisque
1407 1986 1602 2048 malus
1635 1987 1718 2046 ibi
1753 1983 1968 2046 salsum
2012 1987 2094 2045 ibi
2145 2004 2221 2046 ex
2273 1984 2429 2046 malo
2465 1988 2702 2064 cogita·

569 2088 680 2160 bit,
716 2097 776 2149 et
813 2106 887 2149 ex
924 2089 1078 2149 falso
1102 2088 1254 2147 mali
1288 2089 1600 2166 loquetur,
1655 2094 1976 2165 utrumque
2014 2105 2089 2146 ex
2126 2086 2465 2162 voluntate,
2503 2089 2590 2145 ita
2625 2103 2704 2146 ex

573 2205 689 2249 suo
732 2191 980 2266 proprio
1017 2204 1238 2263 amore,
1278 2196 1338 2246 et
1374 2188 1508 2265 ejus
1536 2187 1804 2265 jucundo
1840 2195 1901 2247 et
1941 2187 2166 2264 volupi,
2202 2187 2706 2264 quemadmodum

575 2291 638 2349 in
672 2286 926 2359 mundo,
963 2304 1100 2348 cum
1136 2291 1198 2348 in
1231 2304 1344 2347 suo
1380 2289 1633 2364 spiritu,
1677 2287 1791 2347 hoc
1828 2293 1950 2359 est,
2005 2287 2504 2366 quemadmodum
2537 2290 2599 2347 in
2632 2305 2704 2348 se

570 2387 713 2447 dum
766 2405 841 2448 ex
876 2390 1159 2449 interiore
1213 2387 1561 2458 affectione,
1622 2389 1940 2465 cogitavit:
2006 2405 2192 2450 causa
2228 2396 2353 2464 est,
2410 2392 2552 2466 quia
2585 2407 2701 2448 vo·

570 2488 778 2550 luntas
816 2497 911 2550 est
949 2491 1080 2569 ipse
1123 2489 1333 2566 homo,
1377 2495 1438 2550 et
1470 2506 1592 2550 non
1632 2490 1912 2567 cogitatio
1939 2490 2056 2549 nisi
2094 2496 2384 2568 quantum
2410 2489 2703 2550 a-volun-

572 2598 700 2652 tate
738 2591 953 2664 trahit,
1007 2609 1076 2651 ac
1124 2593 1400 2653 voluntas
1438 2598 1532 2651 est
1566 2593 1703 2669 ipsa
1740 2598 1961 2651 natura
1998 2608 2110 2667 seu
2151 2590 2385 2651 indoles
2419 2571 2699 2665 hominis,

571 2709 760 2769 quare
810 2694 872 2751 in
915 2692 1282 2753 voluntatem
1326 2709 1497 2752 suam
1546 2694 1769 2751 remitti
1809 2698 1903 2751 est
1940 2695 2001 2751 in
2046 2708 2218 2751 suam
2263 2699 2539 2751 naturam
2585 2707 2704 2751 seu

568 2791 866 2867 indolem,
939 2799 999 2853 et
1051 2810 1289 2872 quoque
1343 2796 1403 2851 in
1452 2809 1627 2852 suam
1671 2795 1886 2862 vitam,
1937 2811 2072 2851 nam
2127 2792 2304 2852 homo
2356 2812 2479 2869 per·
2514 2795 2701 2851 vitam

572 2891 764 2951 induit
815 2900 1124 2971 naturam3
1195 2899 1256 2954 et
1300 2893 1477 2953 homo
1527 2900 1669 2971 post
1711 2901 1961 2953 mortem
2008 2900 2237 2964 manet,
2292 2893 2530 2970 qualem
2580 2893 2701 2953 sibi

563 2996 841 3051 naturam
892 2994 1261 3069 comparavit
1309 3010 1423 3069 per
1479 2995 1666 3054 vitam
1720 2996 1779 3053 in
1834 2994 2087 3069 mundo,
2147 3011 2304 3069 quae
2354 2994 2518 3072 apud
2559 3012 2697 3054 ma-

565 3090 661 3151 los
710 3106 829 3150 non
879 3092 1136 3167 amplius
1180 3099 1385 3170 potest
1428 3110 1540 3169 per
1580 3095 1737 3153 viam
1773 3096 2149 3172 cogitationis
2201 3111 2315 3155 seu
2348 3095 2701 3156 intellectus

570 3192 701 3252 veri
740 3189 1045 3251 emendari
1081 3197 1143 3252 et
1177 3192 1411 3251 mutari.

731 3292 890 3353 509.
960 3292 1109 3353 Mali
1155 3294 1428 3369 spiritus,
1481 3292 1721 3368 quando
1769 3296 1830 3352 in
1868 3295 2132 3355 secundo
2172 3294 2289 3356 hoc
2327 3302 2491 3355 statu
2527 3302 2692 3371 sunt,

568 3396 711 3475 quia
748 3401 928 3454 ruunt
964 3396 1026 3455 in
1066 3395 1255 3455 omnis
1291 3395 1528 3471 generis
1564 3393 1761 3465 mala,
1812 3395 2160 3472 frequenter
2196 3405 2255 3455 et
2290 3398 2556 3474 graviter
2587 3412 2695 3456 so·

567 3496 696 3558 lent
732 3497 934 3573 puniri
944 3516 963 3573 3
1000 3513 1234 3574 paenae
1269 3500 1410 3555 sunt
1446 3493 1810 3571 multiplices
1839 3496 1901 3553 in
1935 3496 2156 3557 mundo
2185 3499 2499 3574 spirituum
2511 3516 2528 3572 3
2582 3513 2694 3557 nec

571 3597 733 3659 ullus
759 3607 1077 3676 respectus
1104 3613 1402 3676 personae
1437 3595 1723 3670 habetur,
1770 3599 1898 3655 sive
1942 3615 2050 3657 rex
2084 3600 2212 3656 sive
2249 3613 2463 3657 servus
2498 3597 2698 3658 suerat

568 3690 631 3757 in
666 3696 916 3774 mund03
972 3716 1145 3759 omne
1182 3698 1406 3757 malum
1447 3714 1654 3759 secum
1691 3698 1807 3757 fert
1840 3715 2133 3775 paenam,
2179 3703 2320 3757 sunt
2354 3698 2693 3775 conjuncta,

573 3812 762 3872 quare
812 3800 914 3874 qui
965 3801 1027 3858 in
1073 3798 1236 3860 malo
1284 3806 1379 3859 est
1425 3800 1606 3858 etiam
1651 3800 1710 3857 in
1758 3816 1957 3875 paena
2003 3799 2144 3858 mali
2179 3805 2301 3876 est;
2356 3798 2467 3857 sed
2502 3815 2694 3876 usque

569 3893 774 3953 nullus
811 3895 896 3954 ibi
938 3896 1051 3956 luit
1099 3915 1358 3974 paenam
1410 3906 1663 3976 propter
1711 3898 1872 3958 mala
1920 3916 2075 3977 quae
2112 3902 2171 3957 in
2208 3899 2426 3959 mundo
2465 3905 2691 3977 egerat,

562 3992 679 4055 sed
727 3998 975 4070 propter
1021 3995 1183 4054 mala
1232 4013 1388 4074 quae
1437 4003 1580 4057 tunc
1632 4002 1781 4076 agit3
1840 4000 2053 4060 eodem
2102 4005 2304 4059 tamen
2337 4000 2576 4078 recidit,
2632 4007 2695 4060 et

565 4091 764 4153 simile
801 4097 923 4168 est,
961 4094 1089 4152 sive
1126 4094 1390 4165 dicatur,
1438 4097 1600 4172 quod
1634 4098 2066 4178 luantpaenas
2102 4105 2351 4178 propter
2387 4100 2547 4159 mala
2581 4116 2693 4159 sua

565 4195 626 4256 in
664 4192 882 4253 mundo
895 4236 913 4268 ,
970 4194 1097 4255 sive
1124 4193 1357 4273 dicatur
1394 4195 1554 4272 quod
1589 4196 1756 4256 luant
1791 4217 2023 4277 paenas
2050 4207 2302 4279 propter
2339 4199 2496 4259 mala
2533 4218 2689 4278 quae

567 4301 751 4382 agunt
806 4297 864 4355 in
921 4293 1110 4356 altera
1160 4296 1314 4372 vita,
1388 4297 1663 4376 quoniam
1722 4305 2138 4383 unusquisque
2194 4300 2348 4364 redit
2400 4303 2458 4361 in
2518 4318 2690 4363 suam
