<?xml version="1.0" encoding="UTF-8"?>
<!DOCTYPE html PUBLIC "-//W3C//DTD XHTML 1.0 Transitional//EN"
    "http://www.w3.org/TR/xhtml1/DTD/xhtml1-transitional.dtd">
<html xmlns="http://www.w3.org/1999/xhtml" xml:lang="en" lang="en">
 <head>
  <title>
</title>
<meta http-equiv="Content-Type" content="text/html;charset=utf-8" />
  <meta name='ocr-system' content='tesseract 3.04.00' />
  <meta name='ocr-capabilities' content='ocr_page ocr_carea ocr_par ocr_line ocrx_word'/>
</head>
<body>
  <div class='ocr_page' id='page_1' title='image "./decoeloetejusmi00tafegoog_0302.png"; bbox 0 0 3013 5114; ppageno 0'>
   <div class='ocr_carea' id='block_1_1' title="bbox 604 426 2128 496">
    <p class='ocr_par' dir='ltr' id='par_1_1' title="bbox 604 426 2128 496">
     <span class='ocr_line' id='line_1_1' title="bbox 604 426 2128 496; baseline -0.008 -1"><span class='ocrx_word' id='word_1_1' title='bbox 604 447 716 496; x_wconf 56' lang='lat'>295</span> <span class='ocrx_word' id='word_1_2' title='bbox 1226 431 1318 482; x_wconf 66' lang='lat' dir='ltr'>ms</span> <span class='ocrx_word' id='word_1_3' title='bbox 1367 428 1609 489; x_wconf 60' lang='lat' dir='ltr'>conto</span> <span class='ocrx_word' id='word_1_4' title='bbox 1655 427 1746 485; x_wconf 70' lang='grc' dir='ltr'>ΕΤ</span> <span class='ocrx_word' id='word_1_5' title='bbox 1789 426 2128 485; x_wconf 63' lang='lat' dir='ltr'>musmo.</span> 
     </span>
    </p>
   </div>
   <div class='ocr_carea' id='block_1_2' title="bbox 534 585 2731 1172">
    <p class='ocr_par' dir='ltr' id='par_1_2' title="bbox 534 585 2731 1172">
     <span class='ocr_line' id='line_1_2' title="bbox 590 585 2731 663; baseline -0.004 -8"><span class='ocrx_word' id='word_1_6' title='bbox 590 594 783 655; x_wconf 82' lang='lat' dir='ltr'>simul</span> <span class='ocrx_word' id='word_1_7' title='bbox 819 600 958 652; x_wconf 82' lang='lat' dir='ltr'>sunt</span> <span class='ocrx_word' id='word_1_8' title='bbox 993 609 1175 649; x_wconf 87' lang='lat' dir='ltr'>unum</span> <span class='ocrx_word' id='word_1_9' title='bbox 1213 608 1349 650; x_wconf 88' lang='lat' dir='ltr'>cum</span> <span class='ocrx_word' id='word_1_10' title='bbox 1388 587 1610 663; x_wconf 86' lang='lat' dir='ltr'>altero,</span> <span class='ocrx_word' id='word_1_11' title='bbox 1651 605 1835 646; x_wconf 83' lang='lat' dir='ltr'>unum</span> <span class='ocrx_word' id='word_1_12' title='bbox 1870 587 2027 645; x_wconf 89' lang='lat' dir='ltr'>idem</span> <span class='ocrx_word' id='word_1_13' title='bbox 2065 604 2199 646; x_wconf 88' lang='lat' dir='ltr'>eum</span> <span class='ocrx_word' id='word_1_14' title='bbox 2239 585 2428 644; x_wconf 86' lang='lat' dir='ltr'>altero</span> <span class='ocrx_word' id='word_1_15' title='bbox 2464 603 2583 645; x_wconf 89' lang='lat' dir='ltr'>non</span> <span class='ocrx_word' id='word_1_16' title='bbox 2620 588 2731 646; x_wconf 88' lang='lat' dir='ltr'>da-</span> 
     </span>
     <span class='ocr_line' id='line_1_3' title="bbox 534 687 2729 770; baseline -0.005 -14"><span class='ocrx_word' id='word_1_17' title='bbox 534 726 549 735; x_wconf 80' lang='lat'><em>-</em></span> <span class='ocrx_word' id='word_1_18' title='bbox 600 706 726 770; x_wconf 71' lang='lat' dir='ltr'>tur,</span> <span class='ocrx_word' id='word_1_19' title='bbox 784 692 893 752; x_wconf 86' lang='lat' dir='ltr'>sed</span> <span class='ocrx_word' id='word_1_20' title='bbox 946 709 1138 770; x_wconf 88' lang='lat' dir='ltr'>usque</span> <span class='ocrx_word' id='word_1_21' title='bbox 1191 691 1345 750; x_wconf 87' lang='lat' dir='ltr'>haec</span> <span class='ocrx_word' id='word_1_22' title='bbox 1386 689 1655 767; x_wconf 86' lang='lat' dir='ltr'>jucunda</span> <span class='ocrx_word' id='word_1_23' title='bbox 1701 691 1761 746; x_wconf 92' lang='lat' dir='ltr'>in</span> <span class='ocrx_word' id='word_1_24' title='bbox 1811 690 2014 764; x_wconf 88' lang='lat' dir='ltr'>specie</span> <span class='ocrx_word' id='word_1_25' title='bbox 2054 687 2216 763; x_wconf 87' lang='lat' dir='ltr'>apud</span> <span class='ocrx_word' id='word_1_26' title='bbox 2267 691 2729 765; x_wconf 80' lang='lat' dir='ltr'>unulnquemvis</span> 
     </span>
     <span class='ocr_line' id='line_1_4' title="bbox 602 791 2724 867; baseline -0.004 -11"><span class='ocrx_word' id='word_1_27' title='bbox 602 814 671 856; x_wconf 85' lang='lat' dir='ltr'>se</span> <span class='ocrx_word' id='word_1_28' title='bbox 717 795 987 853; x_wconf 80' lang='lat' dir='ltr'>referunt</span> <span class='ocrx_word' id='word_1_29' title='bbox 1036 792 1115 851; x_wconf 88' lang='lat' dir='ltr'>ad</span> <span class='ocrx_word' id='word_1_30' title='bbox 1158 810 1339 852; x_wconf 88' lang='lat' dir='ltr'>unum</span> <span class='ocrx_word' id='word_1_31' title='bbox 1397 792 1528 867; x_wconf 89' lang='lat' dir='ltr'>ejus</span> <span class='ocrx_word' id='word_1_32' title='bbox 1580 807 1874 862; x_wconf 84' lang='lat' dir='ltr'>amorem,</span> <span class='ocrx_word' id='word_1_33' title='bbox 1944 791 2045 864; x_wconf 91' lang='lat' dir='ltr'>qui</span> <span class='ocrx_word' id='word_1_34' title='bbox 2091 796 2184 847; x_wconf 90' lang='lat' dir='ltr'>est</span> <span class='ocrx_word' id='word_1_35' title='bbox 2236 805 2404 847; x_wconf 81' lang='lat' dir='ltr'>arnor</span> <span class='ocrx_word' id='word_1_36' title='bbox 2444 805 2724 865; x_wconf 73' lang='lat' dir='ltr'>regnanS,</span> 
     </span>
     <span class='ocr_line' id='line_1_5' title="bbox 597 889 2726 970; baseline -0.004 -14"><span class='ocrx_word' id='word_1_37' title='bbox 597 896 767 956; x_wconf 88' lang='lat' dir='ltr'>illum</span> <span class='ocrx_word' id='word_1_38' title='bbox 817 897 972 953; x_wconf 90' lang='lat' dir='ltr'>enim</span> <span class='ocrx_word' id='word_1_39' title='bbox 1014 900 1408 970; x_wconf 89' lang='lat' dir='ltr'>componunt,</span> <span class='ocrx_word' id='word_1_40' title='bbox 1468 899 1527 950; x_wconf 88' lang='lat' dir='ltr'>et</span> <span class='ocrx_word' id='word_1_41' title='bbox 1579 893 1663 949; x_wconf 81' lang='lat' dir='ltr'>sie</span> <span class='ocrx_word' id='word_1_42' title='bbox 1701 908 1883 948; x_wconf 90' lang='lat' dir='ltr'>unum</span> <span class='ocrx_word' id='word_1_43' title='bbox 1933 906 2068 948; x_wconf 88' lang='lat' dir='ltr'>cum</span> <span class='ocrx_word' id='word_1_44' title='bbox 2103 889 2206 948; x_wconf 91' lang='lat' dir='ltr'>illo</span> <span class='ocrx_word' id='word_1_45' title='bbox 2243 890 2500 949; x_wconf 82' lang='lat' dir='ltr'>faciunt:</span> <span class='ocrx_word' id='word_1_46' title='bbox 2556 892 2726 948; x_wconf 86' lang='lat' dir='ltr'>simi-</span> 
     </span>
     <span class='ocr_line' id='line_1_6' title="bbox 599 990 2725 1072; baseline -0.003 -18"><span class='ocrx_word' id='word_1_47' title='bbox 599 997 735 1055; x_wconf 90' lang='lat' dir='ltr'>liter</span> <span class='ocrx_word' id='word_1_48' title='bbox 774 997 972 1055; x_wconf 82' lang='lat' dir='ltr'><strong>onmia</strong></span> <span class='ocrx_word' id='word_1_49' title='bbox 1007 994 1281 1072; x_wconf 83' lang='lat' dir='ltr'>jucunda</span> <span class='ocrx_word' id='word_1_50' title='bbox 1328 997 1387 1052; x_wconf 90' lang='lat' dir='ltr'>in</span> <span class='ocrx_word' id='word_1_51' title='bbox 1436 1009 1656 1069; x_wconf 80' lang='lat' dir='ltr'>genere</span> <span class='ocrx_word' id='word_1_52' title='bbox 1711 1009 1777 1050; x_wconf 83' lang='lat' dir='ltr'>se</span> <span class='ocrx_word' id='word_1_53' title='bbox 1829 991 2094 1050; x_wconf 80' lang='lat' dir='ltr'>referunt</span> <span class='ocrx_word' id='word_1_54' title='bbox 2130 990 2207 1048; x_wconf 86' lang='lat' dir='ltr'>ad</span> <span class='ocrx_word' id='word_1_55' title='bbox 2244 1008 2423 1048; x_wconf 89' lang='lat' dir='ltr'>unum</span> <span class='ocrx_word' id='word_1_56' title='bbox 2463 1008 2725 1050; x_wconf 86' lang='lat' dir='ltr'>amorem</span> 
     </span>
     <span class='ocr_line' id='line_1_7' title="bbox 604 1091 2726 1172; baseline -0.004 -16"><span class='ocrx_word' id='word_1_57' title='bbox 604 1096 1023 1157; x_wconf 86' lang='lat' dir='ltr'>universaliter</span> <span class='ocrx_word' id='word_1_58' title='bbox 1059 1102 1436 1172; x_wconf 80' lang='lat' dir='ltr'>regnantem,</span> <span class='ocrx_word' id='word_1_59' title='bbox 1502 1096 1563 1152; x_wconf 89' lang='lat' dir='ltr'>in</span> <span class='ocrx_word' id='word_1_60' title='bbox 1608 1092 1791 1151; x_wconf 90' lang='lat' dir='ltr'>Coelo</span> <span class='ocrx_word' id='word_1_61' title='bbox 1842 1091 1919 1149; x_wconf 88' lang='lat' dir='ltr'>ad</span> <span class='ocrx_word' id='word_1_62' title='bbox 1967 1093 2249 1151; x_wconf 83' lang='lat' dir='ltr'>Amorem</span> <span class='ocrx_word' id='word_1_63' title='bbox 2287 1094 2348 1149; x_wconf 91' lang='lat' dir='ltr'>in</span> <span class='ocrx_word' id='word_1_64' title='bbox 2383 1091 2726 1166; x_wconf 79' lang='lat' dir='ltr'>Dominum,</span> 
     </span>
    </p>
   </div>
   <div class='ocr_carea' id='block_1_3' title="bbox 602 1197 1607 1257">
    <p class='ocr_par' dir='ltr' id='par_1_3' title="bbox 602 1197 1607 1257">
     <span class='ocr_line' id='line_1_8' title="bbox 602 1197 1607 1257; baseline -0.006 0"><span class='ocrx_word' id='word_1_65' title='bbox 602 1208 661 1257; x_wconf 84' lang='lat' dir='ltr'>et</span> <span class='ocrx_word' id='word_1_66' title='bbox 698 1201 758 1256; x_wconf 91' lang='lat' dir='ltr'>in</span> <span class='ocrx_word' id='word_1_67' title='bbox 803 1197 1046 1256; x_wconf 83' lang='lat' dir='ltr'>Inserno</span> <span class='ocrx_word' id='word_1_68' title='bbox 1081 1197 1156 1254; x_wconf 91' lang='lat' dir='ltr'>ad</span> <span class='ocrx_word' id='word_1_69' title='bbox 1192 1213 1452 1254; x_wconf 85' lang='lat' dir='ltr'>amorem</span> <span class='ocrx_word' id='word_1_70' title='bbox 1494 1197 1607 1252; x_wconf 88' lang='lat' dir='ltr'>sui.</span> 
     </span>
    </p>
   </div>
   <div class='ocr_carea' id='block_1_4' title="bbox 510 1311 2727 3813">
    <p class='ocr_par' dir='ltr' id='par_1_4' title="bbox 510 1311 2727 3813">
     <span class='ocr_line' id='line_1_9' title="bbox 757 1311 2726 1391; baseline -0.003 -16"><span class='ocrx_word' id='word_1_71' title='bbox 757 1323 922 1375; x_wconf 76' lang='grc'>487.</span> <span class='ocrx_word' id='word_1_72' title='bbox 998 1316 1311 1391; x_wconf 85' lang='lat' dir='ltr'>Quaenam</span> <span class='ocrx_word' id='word_1_73' title='bbox 1353 1321 1412 1372; x_wconf 89' lang='lat' dir='ltr'>et</span> <span class='ocrx_word' id='word_1_74' title='bbox 1467 1313 1671 1388; x_wconf 89' lang='lat' dir='ltr'>qualia</span> <span class='ocrx_word' id='word_1_75' title='bbox 1724 1322 1865 1372; x_wconf 89' lang='lat' dir='ltr'>sunt</span> <span class='ocrx_word' id='word_1_76' title='bbox 1908 1312 2179 1389; x_wconf 86' lang='lat' dir='ltr'>jucunda</span> <span class='ocrx_word' id='word_1_77' title='bbox 2238 1311 2607 1389; x_wconf 85' lang='lat' dir='ltr'>spiritualia,</span> <span class='ocrx_word' id='word_1_78' title='bbox 2662 1318 2726 1371; x_wconf 87' lang='lat' dir='ltr'>in</span> 
     </span>
     <span class='ocr_line' id='line_1_10' title="bbox 601 1409 2724 1496; baseline -0.005 -15"><span class='ocrx_word' id='word_1_79' title='bbox 601 1436 760 1496; x_wconf 85' lang='lat' dir='ltr'>quae</span> <span class='ocrx_word' id='word_1_80' title='bbox 798 1425 1108 1476; x_wconf 86' lang='lat' dir='ltr'>vertuntur</span> <span class='ocrx_word' id='word_1_81' title='bbox 1135 1415 1406 1492; x_wconf 87' lang='lat' dir='ltr'>jucunda</span> <span class='ocrx_word' id='word_1_82' title='bbox 1450 1413 1749 1471; x_wconf 85' lang='lat' dir='ltr'>naturalia</span> <span class='ocrx_word' id='word_1_83' title='bbox 1784 1415 2051 1489; x_wconf 83' lang='lat' dir='ltr'>cujusvis</span> <span class='ocrx_word' id='word_1_84' title='bbox 2088 1409 2226 1488; x_wconf 69' lang='lat' dir='ltr'>post</span> <span class='ocrx_word' id='word_1_85' title='bbox 2262 1425 2540 1485; x_wconf 87' lang='lat' dir='ltr'>mortem,</span> <span class='ocrx_word' id='word_1_86' title='bbox 2605 1431 2724 1472; x_wconf 90' lang='lat' dir='ltr'>non</span> 
     </span>
     <span class='ocr_line' id='line_1_11' title="bbox 599 1510 2723 1592; baseline -0.002 -16"><span class='ocrx_word' id='word_1_87' title='bbox 599 1518 841 1577; x_wconf 81' lang='lat' dir='ltr'>aliunde</span> <span class='ocrx_word' id='word_1_88' title='bbox 898 1519 1039 1576; x_wconf 86' lang='lat' dir='ltr'>sciri</span> <span class='ocrx_word' id='word_1_89' title='bbox 1100 1523 1303 1592; x_wconf 78' lang='lat' dir='ltr'>pot-est</span> <span class='ocrx_word' id='word_1_90' title='bbox 1366 1532 1546 1591; x_wconf 85' lang='lat' dir='ltr'>quam</span> <span class='ocrx_word' id='word_1_91' title='bbox 1595 1510 1670 1571; x_wconf 76' lang='lat' dir='ltr'>ex</span> <span class='ocrx_word' id='word_1_92' title='bbox 1716 1518 1969 1573; x_wconf 86' lang='lat' dir='ltr'>scientia</span> <span class='ocrx_word' id='word_1_93' title='bbox 2022 1514 2723 1590; x_wconf 78' lang='lat' dir='ltr'>correspondentiarun13</span> 
     </span>
     <span class='ocr_line' id='line_1_12' title="bbox 597 1615 2722 1693; baseline -0.002 -16"><span class='ocrx_word' id='word_1_94' title='bbox 597 1620 752 1677; x_wconf 86' lang='lat' dir='ltr'>haec</span> <span class='ocrx_word' id='word_1_95' title='bbox 795 1617 968 1675; x_wconf 82' lang='lat' dir='ltr'>docet.</span> <span class='ocrx_word' id='word_1_96' title='bbox 1003 1619 1063 1674; x_wconf 93' lang='lat' dir='ltr'>in</span> <span class='ocrx_word' id='word_1_97' title='bbox 1100 1634 1359 1693; x_wconf 87' lang='lat' dir='ltr'>genere,</span> <span class='ocrx_word' id='word_1_98' title='bbox 1415 1616 1577 1690; x_wconf 90' lang='lat' dir='ltr'>quod</span> <span class='ocrx_word' id='word_1_99' title='bbox 1620 1633 1736 1673; x_wconf 91' lang='lat' dir='ltr'>non</span> <span class='ocrx_word' id='word_1_100' title='bbox 1779 1615 2006 1691; x_wconf 88' lang='lat' dir='ltr'>aliquid</span> <span class='ocrx_word' id='word_1_101' title='bbox 2041 1615 2314 1674; x_wconf 87' lang='lat' dir='ltr'>naturale</span> <span class='ocrx_word' id='word_1_102' title='bbox 2369 1615 2570 1688; x_wconf 85' lang='lat' dir='ltr'>detur,</span> <span class='ocrx_word' id='word_1_103' title='bbox 2626 1618 2722 1672; x_wconf 88' lang='lat' dir='ltr'>cui</span> 
     </span>
     <span class='ocr_line' id='line_1_13' title="bbox 597 1700 2724 1794; baseline -0.001 -18"><span class='ocrx_word' id='word_1_104' title='bbox 597 1700 721 1777; x_wconf 89' lang='lat' dir='ltr'>non</span> <span class='ocrx_word' id='word_1_105' title='bbox 758 1717 1069 1793; x_wconf 81' lang='lat' dir='ltr'>spirituale</span> <span class='ocrx_word' id='word_1_106' title='bbox 1108 1717 1572 1794; x_wconf 84' lang='lat' dir='ltr'>correspondet,</span> <span class='ocrx_word' id='word_1_107' title='bbox 1610 1723 1671 1775; x_wconf 92' lang='lat' dir='ltr'>et</span> <span class='ocrx_word' id='word_1_108' title='bbox 1708 1734 1943 1792; x_wconf 81' lang='lat' dir='ltr'>quoque</span> <span class='ocrx_word' id='word_1_109' title='bbox 1982 1717 2156 1775; x_wconf 89' lang='lat' dir='ltr'>docet</span> <span class='ocrx_word' id='word_1_110' title='bbox 2191 1718 2252 1774; x_wconf 91' lang='lat' dir='ltr'>in</span> <span class='ocrx_word' id='word_1_111' title='bbox 2281 1719 2485 1792; x_wconf 82' lang='lat' dir='ltr'>specie</span> <span class='ocrx_word' id='word_1_112' title='bbox 2524 1717 2724 1791; x_wconf 88' lang='lat' dir='ltr'>quod-</span> 
     </span>
     <span class='ocr_line' id='line_1_14' title="bbox 594 1817 2726 1895; baseline -0.002 -17"><span class='ocrx_word' id='word_1_113' title='bbox 594 1836 736 1878; x_wconf 87' lang='lat' dir='ltr'>nam</span> <span class='ocrx_word' id='word_1_114' title='bbox 784 1827 845 1878; x_wconf 86' lang='lat' dir='ltr'>et</span> <span class='ocrx_word' id='word_1_115' title='bbox 897 1819 1076 1894; x_wconf 81' lang='lat' dir='ltr'>quale</span> <span class='ocrx_word' id='word_1_116' title='bbox 1125 1819 1183 1876; x_wconf 91' lang='lat' dir='ltr'>id</span> <span class='ocrx_word' id='word_1_117' title='bbox 1236 1819 1393 1895; x_wconf 92' lang='lat' dir='ltr'>quod</span> <span class='ocrx_word' id='word_1_118' title='bbox 1446 1818 1909 1894; x_wconf 83' lang='lat' dir='ltr'>correspondet3</span> <span class='ocrx_word' id='word_1_119' title='bbox 1963 1824 2328 1893; x_wconf 88' lang='lat' dir='ltr'>quapropter</span> <span class='ocrx_word' id='word_1_120' title='bbox 2372 1820 2470 1892; x_wconf 86' lang='lat' dir='ltr'>qui</span> <span class='ocrx_word' id='word_1_121' title='bbox 2522 1819 2584 1874; x_wconf 88' lang='lat' dir='ltr'>in</span> <span class='ocrx_word' id='word_1_122' title='bbox 2619 1817 2726 1875; x_wconf 85' lang='lat' dir='ltr'>illa</span> 
     </span>
     <span class='ocr_line' id='line_1_15' title="bbox 596 1920 2727 1996; baseline -0.002 -16"><span class='ocrx_word' id='word_1_123' title='bbox 596 1922 850 1980; x_wconf 82' lang='lat' dir='ltr'>scientia</span> <span class='ocrx_word' id='word_1_124' title='bbox 903 1930 1027 1992; x_wconf 86' lang='lat' dir='ltr'>est,</span> <span class='ocrx_word' id='word_1_125' title='bbox 1094 1937 1458 1996; x_wconf 85' lang='lat' dir='ltr'>cognoscere</span> <span class='ocrx_word' id='word_1_126' title='bbox 1510 1926 1713 1995; x_wconf 89' lang='lat' dir='ltr'>potest</span> <span class='ocrx_word' id='word_1_127' title='bbox 1766 1936 1836 1976; x_wconf 89' lang='lat' dir='ltr'>ac</span> <span class='ocrx_word' id='word_1_128' title='bbox 1887 1920 2040 1976; x_wconf 86' lang='lat' dir='ltr'>scire</span> <span class='ocrx_word' id='word_1_129' title='bbox 2086 1926 2307 1975; x_wconf 88' lang='lat' dir='ltr'>statum</span> <span class='ocrx_word' id='word_1_130' title='bbox 2357 1934 2532 1974; x_wconf 85' lang='lat' dir='ltr'>suum</span> <span class='ocrx_word' id='word_1_131' title='bbox 2583 1926 2727 1994; x_wconf 88' lang='lat' dir='ltr'>post</span> 
     </span>
     <span class='ocr_line' id='line_1_16' title="bbox 597 2018 2725 2094; baseline -0.002 -14"><span class='ocrx_word' id='word_1_132' title='bbox 597 2030 882 2094; x_wconf 87' lang='lat' dir='ltr'>mortem,</span> <span class='ocrx_word' id='word_1_133' title='bbox 963 2021 1140 2079; x_wconf 86' lang='lat' dir='ltr'>modo</span> <span class='ocrx_word' id='word_1_134' title='bbox 1201 2023 1353 2079; x_wconf 84' lang='lat' dir='ltr'>sciat</span> <span class='ocrx_word' id='word_1_135' title='bbox 1409 2037 1586 2079; x_wconf 87' lang='lat' dir='ltr'>suum</span> <span class='ocrx_word' id='word_1_136' title='bbox 1635 2037 1933 2092; x_wconf 85' lang='lat' dir='ltr'>amorem,</span> <span class='ocrx_word' id='word_1_137' title='bbox 2009 2027 2067 2077; x_wconf 86' lang='lat' dir='ltr'>et</span> <span class='ocrx_word' id='word_1_138' title='bbox 2115 2019 2309 2094; x_wconf 84' lang='lat' dir='ltr'>qualis</span> <span class='ocrx_word' id='word_1_139' title='bbox 2358 2018 2459 2077; x_wconf 89' lang='lat' dir='ltr'>ille</span> <span class='ocrx_word' id='word_1_140' title='bbox 2516 2024 2608 2076; x_wconf 86' lang='lat' dir='ltr'>est</span> <span class='ocrx_word' id='word_1_141' title='bbox 2661 2021 2725 2076; x_wconf 87' lang='lat' dir='ltr'>in</span> 
     </span>
     <span class='ocr_line' id='line_1_17' title="bbox 598 2120 2719 2195; baseline -0.001 -15"><span class='ocrx_word' id='word_1_142' title='bbox 598 2141 803 2181; x_wconf 83' lang='lat' dir='ltr'>amore</span> <span class='ocrx_word' id='word_1_143' title='bbox 841 2121 1261 2179; x_wconf 85' lang='lat' dir='ltr'>universaliter</span> <span class='ocrx_word' id='word_1_144' title='bbox 1294 2129 1614 2195; x_wconf 85' lang='lat' dir='ltr'>regnante,</span> <span class='ocrx_word' id='word_1_145' title='bbox 1672 2120 1747 2177; x_wconf 90' lang='lat' dir='ltr'>ad</span> <span class='ocrx_word' id='word_1_146' title='bbox 1780 2138 1956 2195; x_wconf 89' lang='lat' dir='ltr'>quem</span> <span class='ocrx_word' id='word_1_147' title='bbox 1996 2138 2199 2178; x_wconf 84' lang='lat' dir='ltr'>omnes</span> <span class='ocrx_word' id='word_1_148' title='bbox 2241 2136 2475 2178; x_wconf 83' lang='lat' dir='ltr'>amores</span> <span class='ocrx_word' id='word_1_149' title='bbox 2512 2136 2578 2178; x_wconf 90' lang='lat' dir='ltr'>se</span> <span class='ocrx_word' id='word_1_150' title='bbox 2616 2137 2719 2177; x_wconf 91' lang='lat' dir='ltr'>re-</span> 
     </span>
     <span class='ocr_line' id='line_1_18' title="bbox 594 2220 2722 2296; baseline -0.001 -17"><span class='ocrx_word' id='word_1_151' title='bbox 594 2223 821 2292; x_wconf 84' lang='lat' dir='ltr'>ferunt,</span> <span class='ocrx_word' id='word_1_152' title='bbox 865 2228 932 2278; x_wconf 88' lang='lat' dir='ltr'>ut</span> <span class='ocrx_word' id='word_1_153' title='bbox 970 2238 1106 2277; x_wconf 82' lang='lat' dir='ltr'>mox</span> <span class='ocrx_word' id='word_1_154' title='bbox 1135 2237 1322 2296; x_wconf 87' lang='lat' dir='ltr'>supra</span> <span class='ocrx_word' id='word_1_155' title='bbox 1350 2221 1573 2278; x_wconf 86' lang='lat' dir='ltr'>dictum</span> <span class='ocrx_word' id='word_1_156' title='bbox 1613 2227 1725 2278; x_wconf 86' lang='lat' dir='ltr'>est.</span> <span class='ocrx_word' id='word_1_157' title='bbox 1779 2220 1899 2280; x_wconf 79' lang='lat' dir='ltr'>Sed</span> <span class='ocrx_word' id='word_1_158' title='bbox 1944 2236 2206 2278; x_wconf 82' lang='lat' dir='ltr'>amorem</span> <span class='ocrx_word' id='word_1_159' title='bbox 2243 2238 2417 2279; x_wconf 86' lang='lat' dir='ltr'>suum</span> <span class='ocrx_word' id='word_1_160' title='bbox 2453 2238 2722 2296; x_wconf 83' lang='lat' dir='ltr'>regnan-</span> 
     </span>
     <span class='ocr_line' id='line_1_19' title="bbox 593 2321 2723 2397; baseline 0 -18"><span class='ocrx_word' id='word_1_161' title='bbox 593 2329 716 2379; x_wconf 86' lang='lat' dir='ltr'>tem</span> <span class='ocrx_word' id='word_1_162' title='bbox 752 2323 936 2393; x_wconf 87' lang='lat' dir='ltr'>seire,</span> <span class='ocrx_word' id='word_1_163' title='bbox 992 2321 1363 2396; x_wconf 85' lang='lat' dir='ltr'>impossibile</span> <span class='ocrx_word' id='word_1_164' title='bbox 1412 2329 1506 2379; x_wconf 84' lang='lat' dir='ltr'>est</span> <span class='ocrx_word' id='word_1_165' title='bbox 1553 2321 1671 2378; x_wconf 88' lang='lat' dir='ltr'>illis</span> <span class='ocrx_word' id='word_1_166' title='bbox 1711 2322 1811 2396; x_wconf 90' lang='lat' dir='ltr'>qui</span> <span class='ocrx_word' id='word_1_167' title='bbox 1858 2323 1920 2378; x_wconf 91' lang='lat' dir='ltr'>in</span> <span class='ocrx_word' id='word_1_168' title='bbox 1967 2340 2169 2380; x_wconf 88' lang='lat' dir='ltr'>amore</span> <span class='ocrx_word' id='word_1_169' title='bbox 2219 2325 2315 2380; x_wconf 82' lang='lat' dir='ltr'>sui</span> <span class='ocrx_word' id='word_1_170' title='bbox 2352 2330 2518 2395; x_wconf 90' lang='lat' dir='ltr'>sunt,</span> <span class='ocrx_word' id='word_1_171' title='bbox 2575 2323 2723 2397; x_wconf 89' lang='lat' dir='ltr'>quia</span> 
     </span>
     <span class='ocr_line' id='line_1_20' title="bbox 594 2422 2724 2498; baseline 0 -19"><span class='ocrx_word' id='word_1_172' title='bbox 594 2428 798 2479; x_wconf 89' lang='lat' dir='ltr'>amant</span> <span class='ocrx_word' id='word_1_173' title='bbox 833 2438 974 2494; x_wconf 87' lang='lat' dir='ltr'>sua,</span> <span class='ocrx_word' id='word_1_174' title='bbox 1034 2430 1094 2480; x_wconf 91' lang='lat' dir='ltr'>et</span> <span class='ocrx_word' id='word_1_175' title='bbox 1131 2422 1288 2480; x_wconf 82' lang='lat' dir='ltr'>mala</span> <span class='ocrx_word' id='word_1_176' title='bbox 1334 2439 1446 2481; x_wconf 85' lang='lat' dir='ltr'>sua</span> <span class='ocrx_word' id='word_1_177' title='bbox 1480 2429 1703 2480; x_wconf 79' lang='lat' dir='ltr'>vocant</span> <span class='ocrx_word' id='word_1_178' title='bbox 1748 2422 1934 2496; x_wconf 87' lang='lat' dir='ltr'>bona,</span> <span class='ocrx_word' id='word_1_179' title='bbox 1991 2439 2061 2481; x_wconf 84' lang='lat' dir='ltr'>ac</span> <span class='ocrx_word' id='word_1_180' title='bbox 2098 2423 2276 2481; x_wconf 89' lang='lat' dir='ltr'>simul</span> <span class='ocrx_word' id='word_1_181' title='bbox 2311 2423 2499 2496; x_wconf 81' lang='lat' dir='ltr'>salsa,</span> <span class='ocrx_word' id='word_1_182' title='bbox 2560 2440 2724 2498; x_wconf 86' lang='lat' dir='ltr'>quae</span> 
     </span>
     <span class='ocr_line' id='line_1_21' title="bbox 593 2523 2725 2601; baseline 0 -20"><span class='ocrx_word' id='word_1_183' title='bbox 593 2524 829 2594; x_wconf 85' lang='lat' dir='ltr'>favent,</span> <span class='ocrx_word' id='word_1_184' title='bbox 889 2531 948 2582; x_wconf 90' lang='lat' dir='ltr'>et</span> <span class='ocrx_word' id='word_1_185' title='bbox 995 2541 1103 2600; x_wconf 91' lang='lat' dir='ltr'>per</span> <span class='ocrx_word' id='word_1_186' title='bbox 1154 2541 1310 2601; x_wconf 87' lang='lat' dir='ltr'>quae</span> <span class='ocrx_word' id='word_1_187' title='bbox 1365 2524 1715 2583; x_wconf 86' lang='lat' dir='ltr'>confirmant</span> <span class='ocrx_word' id='word_1_188' title='bbox 1760 2540 1875 2582; x_wconf 86' lang='lat' dir='ltr'>sua</span> <span class='ocrx_word' id='word_1_189' title='bbox 1918 2523 2106 2598; x_wconf 85' lang='lat' dir='ltr'>mala,</span> <span class='ocrx_word' id='word_1_190' title='bbox 2162 2531 2379 2584; x_wconf 83' lang='lat' dir='ltr'>vocant</span> <span class='ocrx_word' id='word_1_191' title='bbox 2430 2541 2601 2599; x_wconf 83' lang='lat' dir='ltr'>vera3</span> <span class='ocrx_word' id='word_1_192' title='bbox 2656 2531 2725 2582; x_wconf 81' lang='lat' dir='ltr'>at</span> 
     </span>
     <span class='ocr_line' id='line_1_22' title="bbox 510 2608 2725 2702; baseline 0 -19"><span class='ocrx_word' id='word_1_193' title='bbox 510 2623 513 2626; x_wconf 71' lang='grc'>’</span> <span class='ocrx_word' id='word_1_194' title='bbox 594 2642 816 2701; x_wconf 87' lang='lat' dir='ltr'>usque,</span> <span class='ocrx_word' id='word_1_195' title='bbox 857 2628 908 2683; x_wconf 83' lang='lat' dir='ltr'>si</span> <span class='ocrx_word' id='word_1_196' title='bbox 946 2626 1185 2701; x_wconf 84' lang='lat' dir='ltr'>volunt,</span> <span class='ocrx_word' id='word_1_197' title='bbox 1224 2644 1299 2685; x_wconf 81' lang='lat' dir='ltr'>ex</span> <span class='ocrx_word' id='word_1_198' title='bbox 1334 2608 1496 2699; x_wconf 74' lang='lat' dir='ltr'>aliis,</span> <span class='ocrx_word' id='word_1_199' title='bbox 1548 2628 1651 2701; x_wconf 89' lang='lat' dir='ltr'>qni</span> <span class='ocrx_word' id='word_1_200' title='bbox 1685 2628 1994 2702; x_wconf 86' lang='lat' dir='ltr'>sapientes</span> <span class='ocrx_word' id='word_1_201' title='bbox 2032 2634 2201 2697; x_wconf 90' lang='lat' dir='ltr'>sunt,</span> <span class='ocrx_word' id='word_1_202' title='bbox 2247 2633 2504 2702; x_wconf 82' lang='lat' dir='ltr'>possunt</span> <span class='ocrx_word' id='word_1_203' title='bbox 2540 2628 2725 2693; x_wconf 85' lang='lat' dir='ltr'>scire,</span> 
     </span>
     <span class='ocr_line' id='line_1_23' title="bbox 596 2725 2720 2804; baseline 0 -20"><span class='ocrx_word' id='word_1_204' title='bbox 596 2729 875 2801; x_wconf 83' lang='lat' dir='ltr'>quoniam</span> <span class='ocrx_word' id='word_1_205' title='bbox 915 2726 1002 2784; x_wconf 87' lang='lat' dir='ltr'>illi</span> <span class='ocrx_word' id='word_1_206' title='bbox 1039 2727 1243 2785; x_wconf 84' lang='lat' dir='ltr'>vident</span> <span class='ocrx_word' id='word_1_207' title='bbox 1279 2744 1435 2802; x_wconf 88' lang='lat' dir='ltr'>quae</span> <span class='ocrx_word' id='word_1_208' title='bbox 1477 2745 1595 2785; x_wconf 89' lang='lat' dir='ltr'>non</span> <span class='ocrx_word' id='word_1_209' title='bbox 1632 2729 1749 2803; x_wconf 88' lang='lat' dir='ltr'>ipsi</span> <span class='ocrx_word' id='word_1_210' title='bbox 1762 2748 1778 2802; x_wconf 86' lang='lat'><em>3</em></span> <span class='ocrx_word' id='word_1_211' title='bbox 1818 2727 1928 2785; x_wconf 82' lang='lat' dir='ltr'>sed</span> <span class='ocrx_word' id='word_1_212' title='bbox 1960 2727 2073 2785; x_wconf 88' lang='lat' dir='ltr'>hoc</span> <span class='ocrx_word' id='word_1_213' title='bbox 2114 2745 2224 2787; x_wconf 86' lang='lat' dir='ltr'>nec</span> <span class='ocrx_word' id='word_1_214' title='bbox 2260 2728 2325 2785; x_wconf 88' lang='lat' dir='ltr'>fit</span> <span class='ocrx_word' id='word_1_215' title='bbox 2361 2727 2524 2804; x_wconf 89' lang='lat' dir='ltr'>apud</span> <span class='ocrx_word' id='word_1_216' title='bbox 2557 2725 2720 2800; x_wconf 65' lang='lat' dir='ltr'>illos»,</span> 
     </span>
     <span class='ocr_line' id='line_1_24' title="bbox 597 2828 2721 2903; baseline 0 -20"><span class='ocrx_word' id='word_1_217' title='bbox 597 2829 701 2901; x_wconf 91' lang='lat' dir='ltr'>qui</span> <span class='ocrx_word' id='word_1_218' title='bbox 743 2830 829 2884; x_wconf 87' lang='lat' dir='ltr'>ita</span> <span class='ocrx_word' id='word_1_219' title='bbox 875 2829 1127 2887; x_wconf 88' lang='lat' dir='ltr'>inescati</span> <span class='ocrx_word' id='word_1_220' title='bbox 1161 2835 1301 2886; x_wconf 79' lang='lat' dir='ltr'>sunt</span> <span class='ocrx_word' id='word_1_221' title='bbox 1340 2845 1542 2887; x_wconf 81' lang='lat' dir='ltr'>amore</span> <span class='ocrx_word' id='word_1_222' title='bbox 1588 2829 1715 2896; x_wconf 85' lang='lat' dir='ltr'>sui,</span> <span class='ocrx_word' id='word_1_223' title='bbox 1771 2835 1836 2886; x_wconf 91' lang='lat' dir='ltr'>ut</span> <span class='ocrx_word' id='word_1_224' title='bbox 1876 2836 2164 2903; x_wconf 81' lang='lat' dir='ltr'>respuant</span> <span class='ocrx_word' id='word_1_225' title='bbox 2209 2845 2441 2885; x_wconf 88' lang='lat' dir='ltr'>omnem</span> <span class='ocrx_word' id='word_1_226' title='bbox 2490 2828 2721 2886; x_wconf 87' lang='lat' dir='ltr'>doctri-</span> 
     </span>
     <span class='ocr_line' id='line_1_25' title="bbox 593 2929 2720 3002; baseline 0 -17"><span class='ocrx_word' id='word_1_227' title='bbox 593 2945 731 2985; x_wconf 83' lang='lat' dir='ltr'>nam</span> <span class='ocrx_word' id='word_1_228' title='bbox 771 2930 1150 3001; x_wconf 75' lang='lat' dir='ltr'>sapientium.</span> <span class='ocrx_word' id='word_1_229' title='bbox 1246 2929 1361 3002; x_wconf 85' lang='lat' dir='ltr'>Qui</span> <span class='ocrx_word' id='word_1_230' title='bbox 1410 2940 1611 2987; x_wconf 84' lang='lat' dir='ltr'>autem</span> <span class='ocrx_word' id='word_1_231' title='bbox 1654 2932 1713 2985; x_wconf 87' lang='lat' dir='ltr'>in</span> <span class='ocrx_word' id='word_1_232' title='bbox 1756 2947 1957 2986; x_wconf 82' lang='lat' dir='ltr'>amore</span> <span class='ocrx_word' id='word_1_233' title='bbox 2004 2929 2251 2987; x_wconf 76' lang='lat' dir='ltr'>coelesti</span> <span class='ocrx_word' id='word_1_234' title='bbox 2298 2937 2464 2999; x_wconf 87' lang='lat' dir='ltr'>sunt,</span> <span class='ocrx_word' id='word_1_235' title='bbox 2520 2930 2560 2986; x_wconf 90' lang='lat' dir='ltr'>ii</span> <span class='ocrx_word' id='word_1_236' title='bbox 2611 2946 2720 2986; x_wconf 84' lang='lat' dir='ltr'>re-</span> 
     </span>
     <span class='ocr_line' id='line_1_26' title="bbox 591 3028 2715 3105; baseline 0.001 -21"><span class='ocrx_word' id='word_1_237' title='bbox 591 3029 819 3101; x_wconf 87' lang='lat' dir='ltr'>cipiunt</span> <span class='ocrx_word' id='word_1_238' title='bbox 854 3028 1332 3100; x_wconf 80' lang='lat' dir='ltr'>instructionem,</span> <span class='ocrx_word' id='word_1_239' title='bbox 1372 3047 1441 3086; x_wconf 85' lang='lat' dir='ltr'>ac</span> <span class='ocrx_word' id='word_1_240' title='bbox 1480 3031 1684 3088; x_wconf 81' lang='lat' dir='ltr'>vident</span> <span class='ocrx_word' id='word_1_241' title='bbox 1724 3030 1885 3087; x_wconf 87' lang='lat' dir='ltr'>mala</span> <span class='ocrx_word' id='word_1_242' title='bbox 1917 3046 2056 3101; x_wconf 86' lang='lat' dir='ltr'>sua,</span> <span class='ocrx_word' id='word_1_243' title='bbox 2095 3032 2155 3087; x_wconf 90' lang='lat' dir='ltr'>in</span> <span class='ocrx_word' id='word_1_244' title='bbox 2194 3047 2349 3105; x_wconf 88' lang='lat' dir='ltr'>quae</span> <span class='ocrx_word' id='word_1_245' title='bbox 2391 3031 2529 3102; x_wconf 87' lang='lat' dir='ltr'>nati,</span> <span class='ocrx_word' id='word_1_246' title='bbox 2569 3028 2715 3087; x_wconf 87' lang='lat' dir='ltr'>dum</span> 
     </span>
     <span class='ocr_line' id='line_1_27' title="bbox 588 3126 2717 3203; baseline 0.002 -19"><span class='ocrx_word' id='word_1_247' title='bbox 588 3130 650 3184; x_wconf 91' lang='lat' dir='ltr'>in</span> <span class='ocrx_word' id='word_1_248' title='bbox 696 3126 803 3184; x_wconf 87' lang='lat' dir='ltr'>illa</span> <span class='ocrx_word' id='word_1_249' title='bbox 861 3126 1166 3199; x_wconf 80' lang='lat' dir='ltr'>feruntur,</span> <span class='ocrx_word' id='word_1_250' title='bbox 1243 3146 1316 3186; x_wconf 78' lang='lat' dir='ltr'>ex</span> <span class='ocrx_word' id='word_1_251' title='bbox 1376 3131 1574 3203; x_wconf 83' lang='lat' dir='ltr'>veris,</span> <span class='ocrx_word' id='word_1_252' title='bbox 1643 3130 1794 3187; x_wconf 87' lang='lat' dir='ltr'>haee</span> <span class='ocrx_word' id='word_1_253' title='bbox 1855 3131 2008 3188; x_wconf 89' lang='lat' dir='ltr'>enim</span> <span class='ocrx_word' id='word_1_254' title='bbox 2065 3131 2450 3188; x_wconf 84' lang='lat' dir='ltr'>manifestant</span> <span class='ocrx_word' id='word_1_255' title='bbox 2521 3130 2717 3189; x_wconf 85' lang='lat' dir='ltr'>mala:</span> 
     </span>
     <span class='ocr_line' id='line_1_28' title="bbox 587 3228 2717 3304; baseline 0.002 -19"><span class='ocrx_word' id='word_1_256' title='bbox 587 3228 999 3302; x_wconf 86' lang='lat' dir='ltr'>unusquisque</span> <span class='ocrx_word' id='word_1_257' title='bbox 1042 3229 1195 3284; x_wconf 79' lang='lat' dir='ltr'>enirn</span> <span class='ocrx_word' id='word_1_258' title='bbox 1235 3234 1437 3304; x_wconf 87' lang='lat' dir='ltr'>potest</span> <span class='ocrx_word' id='word_1_259' title='bbox 1474 3247 1548 3287; x_wconf 85' lang='lat' dir='ltr'>ex</span> <span class='ocrx_word' id='word_1_260' title='bbox 1587 3247 1732 3287; x_wconf 87' lang='lat' dir='ltr'>vero</span> <span class='ocrx_word' id='word_1_261' title='bbox 1786 3230 1945 3304; x_wconf 91' lang='lat' dir='ltr'>quod</span> <span class='ocrx_word' id='word_1_262' title='bbox 1994 3248 2064 3287; x_wconf 83' lang='lat' dir='ltr'>ex</span> <span class='ocrx_word' id='word_1_263' title='bbox 2109 3231 2266 3289; x_wconf 91' lang='lat' dir='ltr'>bono</span> <span class='ocrx_word' id='word_1_264' title='bbox 2323 3238 2448 3304; x_wconf 87' lang='lat' dir='ltr'>est,</span> <span class='ocrx_word' id='word_1_265' title='bbox 2503 3230 2717 3290; x_wconf 87' lang='lat' dir='ltr'>videre</span> 
     </span>
     <span class='ocr_line' id='line_1_29' title="bbox 587 3328 2712 3405; baseline 0.001 -19"><span class='ocrx_word' id='word_1_266' title='bbox 587 3328 811 3387; x_wconf 88' lang='lat' dir='ltr'>malum</span> <span class='ocrx_word' id='word_1_267' title='bbox 849 3336 908 3387; x_wconf 85' lang='lat' dir='ltr'>et</span> <span class='ocrx_word' id='word_1_268' title='bbox 946 3329 1073 3405; x_wconf 84' lang='lat' dir='ltr'>ejus</span> <span class='ocrx_word' id='word_1_269' title='bbox 1115 3328 1362 3401; x_wconf 81' lang='lat' dir='ltr'>falsum,</span> <span class='ocrx_word' id='word_1_270' title='bbox 1417 3329 1528 3387; x_wconf 88' lang='lat' dir='ltr'>sed</span> <span class='ocrx_word' id='word_1_271' title='bbox 1571 3347 1746 3387; x_wconf 90' lang='lat' dir='ltr'>nemo</span> <span class='ocrx_word' id='word_1_272' title='bbox 1787 3337 1991 3405; x_wconf 83' lang='lat' dir='ltr'>potest</span> <span class='ocrx_word' id='word_1_273' title='bbox 2030 3331 2235 3391; x_wconf 87' lang='lat' dir='ltr'>videre</span> <span class='ocrx_word' id='word_1_274' title='bbox 2282 3347 2356 3390; x_wconf 84' lang='lat' dir='ltr'>ex</span> <span class='ocrx_word' id='word_1_275' title='bbox 2401 3331 2558 3390; x_wconf 86' lang='lat' dir='ltr'>malo</span> <span class='ocrx_word' id='word_1_276' title='bbox 2594 3332 2712 3390; x_wconf 89' lang='lat' dir='ltr'>bo-</span> 
     </span>
     <span class='ocr_line' id='line_1_30' title="bbox 585 3430 2717 3506; baseline 0.001 -17"><span class='ocrx_word' id='word_1_277' title='bbox 585 3448 729 3489; x_wconf 88' lang='lat' dir='ltr'>num</span> <span class='ocrx_word' id='word_1_278' title='bbox 776 3440 835 3489; x_wconf 90' lang='lat' dir='ltr'>et</span> <span class='ocrx_word' id='word_1_279' title='bbox 873 3448 1112 3505; x_wconf 83' lang='lat' dir='ltr'>veru1n3</span> <span class='ocrx_word' id='word_1_280' title='bbox 1144 3443 1355 3489; x_wconf 82' lang='lat' dir='ltr'>‘causa</span> <span class='ocrx_word' id='word_1_281' title='bbox 1395 3438 1518 3505; x_wconf 86' lang='lat' dir='ltr'>est,</span> <span class='ocrx_word' id='word_1_282' title='bbox 1577 3433 1715 3506; x_wconf 88' lang='lat' dir='ltr'>quia</span> <span class='ocrx_word' id='word_1_283' title='bbox 1740 3430 1897 3488; x_wconf 81' lang='lat' dir='ltr'>salsa</span> <span class='ocrx_word' id='word_1_284' title='bbox 1938 3432 2081 3490; x_wconf 86' lang='lat' dir='ltr'>mali</span> <span class='ocrx_word' id='word_1_285' title='bbox 2111 3440 2252 3490; x_wconf 88' lang='lat' dir='ltr'>sunt</span> <span class='ocrx_word' id='word_1_286' title='bbox 2290 3434 2592 3506; x_wconf 84' lang='lat' dir='ltr'>tenebrae,</span> <span class='ocrx_word' id='word_1_287' title='bbox 2652 3441 2717 3492; x_wconf 85' lang='lat' dir='ltr'>et</span> 
     </span>
     <span class='ocr_line' id='line_1_31' title="bbox 587 3531 2709 3609; baseline 0.001 -19"><span class='ocrx_word' id='word_1_288' title='bbox 587 3548 825 3608; x_wconf 89' lang='lat' dir='ltr'>quoque</span> <span class='ocrx_word' id='word_1_289' title='bbox 865 3532 1335 3609; x_wconf 85' lang='lat' dir='ltr'>correspondent</span> <span class='ocrx_word' id='word_1_290' title='bbox 1369 3531 1517 3607; x_wconf 85' lang='lat' dir='ltr'>illis3</span> <span class='ocrx_word' id='word_1_291' title='bbox 1576 3549 1761 3608; x_wconf 85' lang='lat' dir='ltr'>quare</span> <span class='ocrx_word' id='word_1_292' title='bbox 1806 3531 1896 3589; x_wconf 90' lang='lat' dir='ltr'>illi</span> <span class='ocrx_word' id='word_1_293' title='bbox 1946 3534 2046 3607; x_wconf 91' lang='lat' dir='ltr'>qui</span> <span class='ocrx_word' id='word_1_294' title='bbox 2093 3535 2152 3590; x_wconf 90' lang='lat' dir='ltr'>in</span> <span class='ocrx_word' id='word_1_295' title='bbox 2199 3533 2369 3591; x_wconf 84' lang='lat' dir='ltr'>falsis</span> <span class='ocrx_word' id='word_1_296' title='bbox 2420 3552 2496 3593; x_wconf 82' lang='lat' dir='ltr'>ex</span> <span class='ocrx_word' id='word_1_297' title='bbox 2542 3533 2709 3593; x_wconf 87' lang='lat' dir='ltr'>malo</span> 
     </span>
     <span class='ocr_line' id='line_1_32' title="bbox 587 3632 2717 3709; baseline 0.001 -19"><span class='ocrx_word' id='word_1_298' title='bbox 587 3641 756 3704; x_wconf 85' lang='lat' dir='ltr'>sunt,</span> <span class='ocrx_word' id='word_1_299' title='bbox 813 3635 966 3690; x_wconf 85' lang='lat' dir='ltr'>sicut</span> <span class='ocrx_word' id='word_1_300' title='bbox 1004 3634 1171 3693; x_wconf 89' lang='lat' dir='ltr'>caeci</span> <span class='ocrx_word' id='word_1_301' title='bbox 1205 3642 1375 3708; x_wconf 90' lang='lat' dir='ltr'>sunt,</span> <span class='ocrx_word' id='word_1_302' title='bbox 1433 3635 1534 3709; x_wconf 88' lang='lat' dir='ltr'>qui</span> <span class='ocrx_word' id='word_1_303' title='bbox 1587 3632 1723 3699; x_wconf 84' lang='lat' dir='ltr'>illa,</span> <span class='ocrx_word' id='word_1_304' title='bbox 1778 3649 1933 3708; x_wconf 87' lang='lat' dir='ltr'>quae</span> <span class='ocrx_word' id='word_1_305' title='bbox 1968 3636 2030 3693; x_wconf 90' lang='lat' dir='ltr'>in</span> <span class='ocrx_word' id='word_1_306' title='bbox 2063 3633 2199 3693; x_wconf 88' lang='lat' dir='ltr'>luce</span> <span class='ocrx_word' id='word_1_307' title='bbox 2239 3642 2406 3708; x_wconf 86' lang='lat' dir='ltr'>sunt,</span> <span class='ocrx_word' id='word_1_308' title='bbox 2462 3652 2582 3694; x_wconf 90' lang='lat' dir='ltr'>non</span> <span class='ocrx_word' id='word_1_309' title='bbox 2617 3637 2717 3693; x_wconf 84' lang='lat' dir='ltr'>vi-</span> 
     </span>
     <span class='ocr_line' id='line_1_33' title="bbox 586 3731 2714 3813; baseline 0.002 -25"><span class='ocrx_word' id='word_1_310' title='bbox 586 3732 761 3804; x_wconf 78' lang='lat' dir='ltr'>dent,</span> <span class='ocrx_word' id='word_1_311' title='bbox 823 3743 883 3790; x_wconf 82' lang='lat' dir='ltr'>et</span> <span class='ocrx_word' id='word_1_312' title='bbox 932 3752 1170 3810; x_wconf 90' lang='lat' dir='ltr'>quoque</span> <span class='ocrx_word' id='word_1_313' title='bbox 1225 3738 1460 3811; x_wconf 77' lang='lat' dir='ltr'>tugiunt</span> <span class='ocrx_word' id='word_1_314' title='bbox 1509 3735 1615 3792; x_wconf 86' lang='lat' dir='ltr'>illa</span> <span class='ocrx_word' id='word_1_315' title='bbox 1672 3735 1827 3792; x_wconf 85' lang='lat' dir='ltr'>sicut</span> <span class='ocrx_word' id='word_1_316' title='bbox 1869 3742 2124 3794; x_wconf 85' lang='lat' dir='ltr'>noctuae</span> <span class='ocrx_word' id='word_1_317' title='bbox 2161 3731 2277 3813; x_wconf 83' lang='lat' dir='ltr'>(s):</span> <span class='ocrx_word' id='word_1_318' title='bbox 2335 3744 2397 3794; x_wconf 79' lang='lat' dir='ltr'>at.</span> <span class='ocrx_word' id='word_1_319' title='bbox 2439 3753 2586 3794; x_wconf 88' lang='lat' dir='ltr'>vera</span> <span class='ocrx_word' id='word_1_320' title='bbox 2636 3753 2714 3794; x_wconf 85' lang='lat' dir='ltr'>ex</span> 
     </span>
    </p>
   </div>
   <div class='ocr_carea' id='block_1_5' title="bbox 576 3903 1002 3914">
    <p class='ocr_par' dir='ltr' id='par_1_5' title="bbox 576 3903 1002 3914">
     <span class='ocr_line' id='line_1_34' title="bbox 576 3903 1002 3914; baseline -0.002 -4"><span class='ocrx_word' id='word_1_321' title='bbox 576 3903 901 3911; x_wconf 52' lang='lat' dir='ltr'>—W-—m</span> <span class='ocrx_word' id='word_1_322' title='bbox 910 3905 1002 3914; x_wconf 44' lang='lat' dir='ltr'><strong>w</strong></span> 
     </span>
    </p>
   </div>
   <div class='ocr_carea' id='block_1_6' title="bbox 584 4009 2717 4311">
    <p class='ocr_par' dir='ltr' id='par_1_6' title="bbox 584 4009 2717 4311">
     <span class='ocr_line' id='line_1_35' title="bbox 739 4009 2717 4092; baseline 0.002 -27"><span class='ocrx_word' id='word_1_323' title='bbox 739 4010 815 4076; x_wconf 81' lang='lat' dir='ltr'>(s)</span> <span class='ocrx_word' id='word_1_324' title='bbox 864 4009 1028 4077; x_wconf 80' lang='lat' dir='ltr'>Quod</span> <span class='ocrx_word' id='word_1_325' title='bbox 1073 4014 1371 4067; x_wconf 82' lang='lat' dir='ltr'>Tenebrae</span> <span class='ocrx_word' id='word_1_326' title='bbox 1403 4015 1459 4065; x_wconf 87' lang='lat' dir='ltr'>in</span> <span class='ocrx_word' id='word_1_327' title='bbox 1499 4017 1698 4070; x_wconf 73' lang='lat' dir='ltr'>Verbo</span> <span class='ocrx_word' id='word_1_328' title='bbox 1737 4037 1803 4071; x_wconf 84' lang='lat' dir='ltr'>ex</span> <span class='ocrx_word' id='word_1_329' title='bbox 1839 4018 2357 4092; x_wconf 80' lang='lat' dir='ltr'>correspondentia</span> <span class='ocrx_word' id='word_1_330' title='bbox 2387 4016 2717 4089; x_wconf 82' lang='lat' dir='ltr'>significent</span> 
     </span>
     <span class='ocr_line' id='line_1_36' title="bbox 584 4085 2712 4165; baseline 0.007 -29"><span class='ocrx_word' id='word_1_331' title='bbox 584 4085 757 4149; x_wconf 78' lang='lat' dir='ltr'>falsa,</span> <span class='ocrx_word' id='word_1_332' title='bbox 804 4105 866 4139; x_wconf 77' lang='lat' dir='ltr'>nc</span> <span class='ocrx_word' id='word_1_333' title='bbox 904 4088 1115 4141; x_wconf 81' lang='lat' dir='ltr'>densae</span> <span class='ocrx_word' id='word_1_334' title='bbox 1157 4089 1432 4141; x_wconf 80' lang='lat' dir='ltr'>tenebrae</span> <span class='ocrx_word' id='word_1_335' title='bbox 1475 4106 1571 4142; x_wconf 85' lang='lat' dir='ltr'>seu</span> <span class='ocrx_word' id='word_1_336' title='bbox 1610 4094 1798 4165; x_wconf 82' lang='lat' dir='ltr'>caligo</span> <span class='ocrx_word' id='word_1_337' title='bbox 1840 4094 2164 4159; x_wconf 60' lang='lat' dir='ltr'>falsaemali,</span> <span class='ocrx_word' id='word_1_338' title='bbox 2208 4113 2279 4147; x_wconf 83' lang='lat' dir='ltr'>n:</span> <span class='ocrx_word' id='word_1_339' title='bbox 2326 4103 2493 4155; x_wconf 69' lang='lat'>1839.</span> <span class='ocrx_word' id='word_1_340' title='bbox 2537 4100 2712 4153; x_wconf 80' lang='lat'><strong>1860.</strong></span> 
     </span>
     <span class='ocr_line' id='line_1_37' title="bbox 587 4162 2713 4239; baseline 0.008 -29"><span class='ocrx_word' id='word_1_341' title='bbox 587 4168 751 4221; x_wconf 77' lang='grc'><strong>7688.</strong></span> <span class='ocrx_word' id='word_1_342' title='bbox 805 4172 970 4223; x_wconf 81' lang='lat'>7711.</span> <span class='ocrx_word' id='word_1_343' title='bbox 1054 4162 1222 4239; x_wconf 81' lang='lat' dir='ltr'>Quod</span> <span class='ocrx_word' id='word_1_344' title='bbox 1265 4164 1360 4215; x_wconf 85' lang='lat' dir='ltr'>lux</span> <span class='ocrx_word' id='word_1_345' title='bbox 1410 4165 1559 4216; x_wconf 84' lang='lat' dir='ltr'>coeli</span> <span class='ocrx_word' id='word_1_346' title='bbox 1604 4167 1677 4219; x_wconf 84' lang='lat' dir='ltr'>sit</span> <span class='ocrx_word' id='word_1_347' title='bbox 1716 4169 1902 4239; x_wconf 81' lang='lat' dir='ltr'>caligo</span> <span class='ocrx_word' id='word_1_348' title='bbox 1950 4165 2153 4233; x_wconf 57' lang='lat' dir='ltr'>malie,</span> <span class='ocrx_word' id='word_1_349' title='bbox 2209 4188 2277 4223; x_wconf 86' lang='lat' dir='ltr'>n:</span> <span class='ocrx_word' id='word_1_350' title='bbox 2323 4179 2491 4231; x_wconf 84' lang='grc'><strong>1861.</strong></span> <span class='ocrx_word' id='word_1_351' title='bbox 2537 4177 2713 4229; x_wconf 76' lang='grc'><strong>6832.</strong></span> 
     </span>
     <span class='ocr_line' id='line_1_38' title="bbox 586 4238 2711 4311; baseline 0.002 -16"><span class='ocrx_word' id='word_1_352' title='bbox 586 4245 754 4297; x_wconf 82' lang='grc'><strong>8197.</strong></span> <span class='ocrx_word' id='word_1_353' title='bbox 837 4239 1002 4303; x_wconf 85' lang='lat' dir='ltr'>Quod</span> <span class='ocrx_word' id='word_1_354' title='bbox 1048 4240 1146 4311; x_wconf 89' lang='lat' dir='ltr'>qui</span> <span class='ocrx_word' id='word_1_355' title='bbox 1198 4238 1256 4291; x_wconf 89' lang='lat' dir='ltr'>in</span> <span class='ocrx_word' id='word_1_356' title='bbox 1305 4238 1548 4292; x_wconf 86' lang='lat' dir='ltr'>infernis</span> <span class='ocrx_word' id='word_1_357' title='bbox 1600 4253 1761 4306; x_wconf 85' lang='lat' dir='ltr'>sunt,</span> <span class='ocrx_word' id='word_1_358' title='bbox 1825 4245 2096 4299; x_wconf 83' lang='lat' dir='ltr'>dieantur</span> <span class='ocrx_word' id='word_1_359' title='bbox 2145 4264 2270 4301; x_wconf 85' lang='lat' dir='ltr'>esse</span> <span class='ocrx_word' id='word_1_360' title='bbox 2316 4249 2374 4299; x_wconf 90' lang='lat' dir='ltr'>in</span> <span class='ocrx_word' id='word_1_361' title='bbox 2426 4246 2711 4310; x_wconf 55' lang='lat' dir='ltr'>“mehr-ie,</span> 
     </span>
    </p>
   </div>
   <div class='ocr_carea' id='block_1_7' title="bbox 587 4313 2717 4388">
    <p class='ocr_par' dir='ltr' id='par_1_7' title="bbox 587 4313 2717 4388">
     <span class='ocr_line' id='line_1_39' title="bbox 587 4313 2717 4388; baseline 0.004 -22"><span class='ocrx_word' id='word_1_362' title='bbox 587 4313 716 4388; x_wconf 72' lang='lat' dir='ltr'>quia</span> <span class='ocrx_word' id='word_1_363' title='bbox 762 4313 818 4374; x_wconf 84' lang='lat' dir='ltr'>in</span> <span class='ocrx_word' id='word_1_364' title='bbox 863 4315 1020 4371; x_wconf 78' lang='lat' dir='ltr'>falsis</span> <span class='ocrx_word' id='word_1_365' title='bbox 1076 4315 1238 4382; x_wconf 81' lang='lat' dir='ltr'>mali,</span> <span class='ocrx_word' id='word_1_366' title='bbox 1304 4315 1374 4369; x_wconf 86' lang='lat' dir='ltr'>de</span> <span class='ocrx_word' id='word_1_367' title='bbox 1417 4315 1660 4388; x_wconf 79' lang='lat' dir='ltr'>quibus,</span> <span class='ocrx_word' id='word_1_368' title='bbox 1725 4337 1790 4373; x_wconf 73' lang='lat' dir='ltr'>nz</span> <span class='ocrx_word' id='word_1_369' title='bbox 1848 4329 2013 4384; x_wconf 84' lang='lat'>3340.</span> <span class='ocrx_word' id='word_1_370' title='bbox 2072 4329 2237 4386; x_wconf 82' lang='lat'>4418.</span> <span class='ocrx_word' id='word_1_371' title='bbox 2293 4332 2461 4388; x_wconf 73' lang='lat'>4531.</span> <span class='ocrx_word' id='word_1_372' title='bbox 2545 4320 2717 4387; x_wconf 76' lang='lat' dir='ltr'>Quod</span> 
     </span>
    </p>
   </div>
  </div>
 </body>
</html>
