3013 5114
329 436 502 503 QUID
529 433 721 489 IGNIS
751 433 1206 501 INFERNALIS‚
1244 435 1336 490 ET
1363 436 1537 514 QUID
1569 437 1881 494 STRIDOR
1916 439 2259 498 DENTIUM.
2343 454 2449 505 355

330 597 428 656 hic
459 594 638 655 Calor
666 600 761 654 est
788 596 890 670 qui
915 594 1268 683 intelligitur
1291 613 1403 672 per
1423 596 1633 673 Ignem
1659 599 1721 657 in
1748 597 1984 676 Verb03
2024 601 2210 661 Amor
2232 604 2292 661 in
2320 602 2452 664 Do-

329 698 583 771 minum,
640 700 702 755 et
746 695 932 754 Amor
978 713 1122 772 erga
1168 699 1506 772 proximum
1558 716 1669 774 per
1713 699 1917 775 Ignem
1970 701 2323 780 coelestem3
2365 721 2453 769 ,ac

330 797 531 856 Amor.
560 798 658 855 sui
693 801 753 855 et
787 796 975 855 Amor
1010 796 1214 855 mundi
1249 815 1359 873 per
1398 798 1610 874 Ignem
1644 800 2013 860 infernalem.

492 899 652 963 569,
706 894 870 972 Ignis
907 913 1019 956 seu
1056 897 1241 956 Amor
1286 899 1594 958 infernalis
1633 917 1709 959 ex
1743 901 1922 960 simili
1957 903 2182 977 origine
2219 906 2443 980 existit,
2524 949 2533 956 .

331 1014 407 1056 ex
445 1013 565 1073 qua
596 996 760 1073 Ignis
795 1013 907 1057 seu
958 998 1142 1057 Amor
1177 998 1490 1073 coelestiS,
1563 1017 1777 1076 nempe
1830 1018 1906 1061 ex
1951 1001 2091 1062 Sole
2131 1001 2299 1063 Coeli
2339 1021 2452 1064 seu

334 1099 630 1173 Domin03
686 1096 797 1155 sed
830 1097 896 1155 fit
940 1098 1247 1157 infernalis
1288 1098 1364 1156 ab
1399 1099 1519 1158 illis
1558 1103 1661 1176 qui
1695 1103 2020 1178 recipiunt3
2074 1120 2214 1163 nam
2258 1107 2448 1164 omnis

328 1199 589 1257 influxus
655 1214 688 1255 e
749 1199 1049 1274 spirituali
1127 1198 1345 1257 mundo
1407 1202 1677 1260 variatur
1752 1203 2082 1261 secundum
2143 1207 2447 1280 receptio-

329 1316 496 1373 nem,
559 1314 672 1357 seu
722 1299 1051 1357 secundum
1105 1299 1327 1360 formas
1382 1301 1441 1356 in
1494 1318 1645 1376 quas
1705 1302 1927 1378 influit3
1993 1320 2112 1362 non
2160 1303 2333 1363 aliter
2380 1322 2452 1363 ac

329 1402 486 1459 sicut
541 1396 721 1458 Calor
777 1404 838 1457 et
879 1399 1011 1457 Lux
1063 1416 1095 1457 e
1158 1398 1300 1459 Sole
1354 1400 1585 1476 mundi,
1663 1401 1829 1461 calor
1882 1402 2021 1462 inde
2075 1403 2329 1463 influens
2388 1408 2466 1465 in»

330 1499 632 1559 Arboreta
660 1504 721 1557 et
764 1499 1008 1561 Floreta
1047 1499 1323 1575 producit
1362 1504 1838 1578 vegetationem,
1881 1510 1943 1563 et
1975 1520 2215 1581 quoque
2253 1503 2462 1583 educit:

220 1670 223 1671 ⁷
327 1600 550 1659 odores
598 1605 801 1676 gratos
851 1606 912 1658 et
949 1616 1169 1659 suaves
1184 1620 1200 1676 ;
1259 1608 1321 1659 at
1362 1600 1523 1659 idem
1573 1601 1785 1672 Calor,
1832 1603 2089 1664 influens
2130 1606 2193 1663 in
2238 1621 2450 1665 excre-

333 1701 604 1759 mentitia
640 1705 700 1758 et
735 1699 1103 1760 cadaverosa
1129 1701 1407 1776 producit
1439 1702 1815 1778 putredines,
1870 1722 1942 1762 ac
1979 1705 2180 1765 educit
2212 1704 2452 1765 nidores

331 1799 753 1877 graveolentes
793 1807 854 1859 et
892 1807 1172 1877 putores3
1223 1803 1451 1877 pariter
1493 1801 1630 1861 Lux
1674 1820 1747 1862 ex
1793 1804 2004 1864 eodem
2058 1802 2201 1864 Sole
2236 1806 2298 1864 in
2332 1814 2453 1864 uno

333 1900 606 1977 subjecto
642 1900 921 1976 producit
956 1901 1190 1961 colores
1228 1900 1517 1977 pulchros
1555 1916 1616 1961 et
1656 1920 1973 1978 amaenos,
2021 1906 2083 1962 in
2119 1904 2308 1964 altero
2334 1907 2450 1964 im-

332 1990 618 2078 pulchros
655 2007 716 2059 et
747 2003 1126 2062 inamaenos:
1180 2002 1454 2061 similiter
1491 2000 1670 2061 Calor
1708 2010 1768 2062 et
1800 2003 1934 2062 Lux
1971 2021 2046 2062 ex
2082 2003 2225 2064 Sole
2262 2002 2451 2079 Coeli,

334 2104 438 2178 qui
487 2107 581 2160 est
628 2100 814 2160 Amor
828 2123 844 2179 3
900 2119 1034 2162 cum
1075 2102 1239 2162 calor
1279 2118 1390 2162 seu
1431 2104 1599 2160 amor
1635 2103 1773 2163 inde
1821 2104 2013 2164 influit
2053 2107 2116 2164 in
2150 2105 2336 2175 bona,
2387 2111 2456 2163 ut

327 2201 497 2279 apud
543 2201 815 2262 homines
869 2210 929 2262 et
976 2205 1222 2279 spiritus
1271 2202 1459 2263 bonos
1497 2219 1569 2262 ac
1604 2205 1766 2280 apud
1803 2205 2081 2282 angeloS,
2136 2204 2457 2264 fructificat

331 2304 569 2363 illorum
603 2302 791 2378 bona,
847 2316 909 2363 at
944 2322 1085 2385 cum
1127 2304 1290 2380 apud
1323 2292 1547 2376 malo's,
1600 2308 1961 2366 contrarium
1999 2306 2276 2367 effectum
2313 2304 2454 2380 edit,

327 2392 500 2461 mala
535 2405 691 2461 enim
727 2403 828 2463 vel
862 2404 1156 2463 suffocant
1202 2405 1369 2462 illum
1415 2403 1517 2462 vel
1563 2412 1914 2479 pervertunt
1953 2406 2157 2478 illum3
2224 2407 2455 2481 pariter

306 2503 464 2588 *Lux
505 2500 685 2578 coeli,
742 2503 882 2562 dum
935 2503 1126 2561 influit
1171 2505 1232 2561 in
1284 2519 1431 2562 vera
1479 2502 1654 2577 boni,
1724 2502 1827 2562 dat
1886 2503 2342 2579 intelligentiam
2393 2509 2455 2563 et

333 2603 716 2679 sapientiam,
773 2618 909 2662 cum
953 2607 1157 2660 autem
1195 2603 1386 2661 influit
1427 2603 1489 2660 in
1534 2601 1689 2660 falsa
1734 2603 1905 2676 mali,
1964 2605 2215 2661 vertitur
2252 2603 2339 2660 ibi
2389 2605 2451 2661 in

335 2704 603 2761 insanias
647 2710 707 2760 et
741 2705 892 2770 varii
923 2702 1164 2779 generis
1204 2702 1576 2779 phantasias.
1632 2700 1725 2761 Ita
1751 2702 1947 2761 ubivis
1983 2701 2313 2763 secundum
2351 2718 2454 2762 re-

330 2804 685 2878 ceptionem.

496 2902 660 2961 570.
716 2903 881 2981 Ignis
918 2902 1255 2972 infernalis,
1308 2904 1450 2979 quia
1483 2908 1580 2963 est
1624 2920 1790 2962 amor
1836 2905 1932 2963 sui
1979 2908 2040 2963 et
2088 2901 2320 2978 mundi,
2374 2903 2462 2962 ita

333 3008 431 3064 est
467 3004 657 3062 omnis
696 3003 993 3080 cupiditas
1034 3020 1191 3085 quae
1237 3003 1476 3063 illorum
1527 3020 1831 3073 amorum,
1885 3005 2165 3079 quoniam
2201 3001 2453 3079 Cupidi-

334 3111 429 3164 tas
479 3110 573 3164 est
622 3105 810 3165 Amor
852 3105 914 3163 in
964 3120 1076 3163 suo
1127 3106 1440 3179 continuo,
1508 3122 1645 3162 nam
1694 3103 1856 3181 quod
1905 3104 2082 3163 homo
2133 3109 2297 3163 amat
2339 3102 2458 3163 hoc

330 3207 612 3265 continue
665 3207 860 3282 cupit,
904 3210 980 3264 et
1026 3221 1265 3280 quoque
1317 3211 1409 3266 est
1444 3204 1827 3283 jucunditas,
1882 3211 2022 3263 nam
2073 3202 2235 3282 quod
2278 3202 2458 3263 homo·

331 3311 497 3365 amat
542 3321 655 3364 seu
704 3307 898 3382 cupit,
969 3321 1104 3364 cum
1151 3305 1216 3364 id
1275 3305 1528 3381 obtinet,
1590 3305 1924 3382 jucundum
1983 3306 2267 3380 percipit,
2340 3319 2459 3362 non

333 3405 575 3465 aliunde
625 3414 719 3467 est
757 3392 993 3466 homini*
1018 3405 1351 3483 jucundum
1387 3406 1584 3466 cordis
1603 3425 1619 3482 3
1677 3411 1772 3485 est
1815 3407 2021 3480 itaque
2069 3403 2233 3480 Ignis
2267 3401 2454 3461 infer-

333 3506 489 3565 nelis
519 3507 818 3583 cupiditas
848 3513 909 3566 et
934 3506 1307 3585 jucundum,
1343 3523 1497 3582 quae
1537 3523 1612 3566 ex
1638 3505 1792 3563 binis
1818 3503 1937 3562 illis
1964 3501 2289 3577 amoribus,
2327 3506 2395 3561 ut
2421 3517 2460 3561 a

334 3607 465 3666 suis
501 3607 830 3682 originibus
859 3608 1226 3665 scaturiunt:
1265 3604 1428 3664 Mala
1461 3605 1569 3664 illa
1595 3610 1754 3678 sunt,
1794 3601 2144 3663 Contemtus
2181 3600 2456 3677 aliorum,

332 3705 651 3766 Inimicitia
678 3711 739 3765 et
762 3705 1081 3764 Hostilitas
1111 3711 1320 3764 contra
1337 3705 1472 3765 illos
1503 3706 1606 3780 qui
1634 3703 1752 3778 sibi
1775 3720 1894 3762 non
1919 3703 2142 3772 favent,
2172 3708 2266 3761 est
2292 3700 2459 3761 Invi-

330 3806 461 3876 dia,
502 3804 749 3876 Odium,
798 3811 861 3864 ot
902 3805 1203 3880 Vindicta,
1242 3810 1305 3864 et
1340 3822 1417 3864 ex
1448 3804 1544 3864 his
1588 3802 1857 3864 Saevitia
1892 3808 1952 3863 et
1989 3801 2329 3862 Crudelitas
2341 3821 2359 3879 3
2399 3808 2461 3862 et

333 3906 534 3983 quoad
559 3907 861 3981 Divinum,
903 3911 996 3965 est
1023 3907 1292 3982 negati0,
1333 3912 1396 3964 et
1419 3904 1558 3964 inde
1591 3909 1946 3978 contemtus,
1973 3905 2169 3963 irrisio
2195 3908 2258 3963 et
2286 3902 2457 3961 blas-

331 4006 636 4083 phematio
684 4013 1060 4077 sanctorum,
1114 4022 1281 4082 quae·
1314 4011 1456 4065 sunt
1490 4004 1842 4079 Ecclesiae,
1898 4020 2055 4080 quae
2106 4008 2249 4081 post
2295 4019 2458 4061 mor-

330 4114 486 4176 tem,
532 4123 668 4166 cum
695 4106 872 4166 homo
906 4106 974 4166 fit
1007 4107 1288 4182 spiritus,
1342 4111 1663 4166 vertuntur
1700 4106 1762 4162 in
1797 4100 1946 4163 iram
1982 4104 2271 4164 etodium
2308 4118 2455 4161 con-

335 4211 428 4263 tra
468 4205 602 4281 illa,
666 4206 943 4265 videatur
977 4215 1163 4283 supra
1196 4223 1267 4266 n:
1314 4209 1476 4267 562.
1551 4206 1628 4264 Et
1669 4206 1810 4282 quia
1843 4204 2003 4264 mala
2037 4204 2143 4263 illa
2180 4203 2458 4261 continuo

333 4307 565 4383 spirant
599 4305 1065 4366 destructionem
1102 4311 1165 4367 et
1198 4308 1564 4367 occisionem
1600 4306 1840 4386 illorum
1875 4320 2026 4380 quos
2060 4318 2171 4379 pro
2208 4300 2460 4360 inimicis

1866 4408 1900 4460 ‘2
1920 4406 1952 4461 3
1997 4396 2036 4436 Ἃ*
