3013 5114
638 424 933 483 HOMINIS
981 427 1501 486 RESUSCITA'I'IO
1544 434 1594 487 A
1633 430 1969 496 MoRTUffi,
2034 432 2194 487 ETC.
2362 446 2470 498 261

348 595 490 648 tunc
533 587 749 648 dicitur
786 588 968 648 homo
1005 591 1180 648 mori:
1236 588 1348 650 hoc
1386 590 1451 649 fit
1494 608 1628 650 cum
1672 590 1872 652 Motus
1918 595 2290 669 respiratorii
2320 594 2469 655 Pul·

347 706 589 757 monum
634 705 705 748 ac
744 689 1015 767 systolici
1065 688 1278 750 Cordis
1331 699 1602 768 cessant;
1656 692 1766 753 sed
1813 704 2005 769 usque
2055 711 2174 753 non
2220 698 2470 756 moritur

346 790 526 850 homo
540 835 559 865 ‚
614 790 724 849 sed
766 790 942 850 modo
980 797 1298 868 separatur
1340 810 1378 852 a
1414 808 1734 870 corporeo,
1792 793 1951 872 quod
1987 797 2043 854 ei
2083 795 2195 855 fuit
2232 798 2373 855 usui
2409 799 2469 856 in

352 890 572 950 mundo
585 911 602 967 3
655 893 788 968 ipse
832 894 987 951 enim
1020 891 1198 952 homo
1228 895 1406 952 vivit:
1466 893 1683 953 dicitur
1721 895 1885 973 quod
1916 895 2048 973 ipse
2083 895 2259 956 homo
2287 899 2471 973 vivat,

354 995 496 1070 quia
531 991 709 1052 homo
744 1010 861 1052 non
899 1001 992 1052 est
1026 992 1204 1052 homo
1244 1011 1314 1053 ex
1345 1012 1626 1073 corpore,
1669 996 1777 1057 sed
1815 1013 1890 1056 ex
1925 998 2159 1073 spiritu,
2195 999 2473 1074 quoniam

353 1094 598 1171 spiritus
647 1095 708 1151 in
752 1093 991 1153 homine
1034 1097 1289 1172 cogitat,
1344 1103 1405 1156 et
1453 1097 1734 1172 cogitatio
1784 1114 1922 1158 cum
1968 1097 2281 1158 affectione
2333 1099 2476 1159 facit

351 1194 668 1253 hominem.
770 1194 920 1255 Inde
980 1200 1183 1271 patet,
1239 1197 1401 1273 quod
1457 1197 1669 1273 homo,
1753 1215 1885 1258 cum
1939 1200 2217 1270 moritur,
2295 1199 2473 1259 modo

348 1300 620 1354 transeat
654 1294 730 1354 ab
769 1313 886 1355 uno
926 1296 1147 1357 mundo
1183 1299 1246 1355 in
1286 1298 1572 1358 alterum:
1625 1298 1789 1375 inde?
1814 1306 1941 1378 est,
2000 1298 2162 1376 quod
2198 1298 2365 1360 Mors
2410 1302 2473 1359 in

349 1395 553 1456 Verbo
591 1398 650 1454 in
686 1413 870 1456 sensu
900 1398 1033 1475 ejus
1060 1401 1291 1458 interno
1319 1399 1616 1476 significet
1641 1402 2174 1475 resurrectionem,
2232 1407 2294 1460 et
2328 1417 2475 1460 con-

347 1498 741 1557 tinuationem
781 1500 940 1559 vitae
975 1494 1079 1581 (a).

509 1600 673 1658 446.
728 1597 949 1658 Intima
984 1603 1441 1661 communicatio
1476 1604 1724 1681 spiritus
1764 1608 1858 1663 est
1894 1620 2031 1661 cum
2075 1604 2472 1679 respiratione

352 1705 413 1757 et
448 1713 583 1758 curn
609 1706 775 1758 motu
812 1699 1039 1776 cordis,
1095 1703 1377 1778 cogitatio
1417 1704 1549 1782 ejus
1588 1721 1723 1764 cum
1758 1705 2183 1782 respiratione,
2225 1709 2285 1762 et
2320 1702 2468 1764 affe-

348 1801 467 1859 ctio
507 1816 663 1876 quae
698 1803 918 1860 amoris
961 1818 1095 1861 cum
1132 1803 1311 1862 corde
1343 1799 1462 1884 (b);
1523 1792 1891 1882 quapropter
1918 1821 2054 1864 cum
2079 1805 2203 1864 bini
2227 1803 2315 1862 illi
2341 1821 2474 1864 mo-

349 1906 447 1958 tus
486 1909 728 1960 cessant
760 1904 823 1960 in
859 1918 1146 1980 corpore,
1199 1903 1357 1962 illico
1394 1907 1700 1980 separatio
1737 1910 1861 1964 est:
1901 1911 2042 1964 sunt
2074 1904 2199 1965 bini
2232 1903 2323 1962 illi
2344 1920 2502 1964 mo·-

349 2006 480 2072 tus,
518 2019 734 2079 nempe
770 2004 1189 2080 respiratorius
1217 2004 1595 2081 pulmonum,
1651 2012 1714 2065 et
1747 2004 2069 2083 systolicus
2106 2004 2303 2065 cordis
2340 2006 2477 2082 ipsa

347 2101 619 2177 vincula,
678 2102 894 2180 quibus
931 2106 1160 2182 ruptis,
1223 2106 1471 2182 spiritus
1511 2105 1628 2165 sibi
1667 2105 1915 2166 relictus
1952 2113 2072 2181 est,
2131 2112 2192 2166 et
2227 2120 2469 2183 corpus,
2529 2182 2545 2192 ἡ

349 2204 495 2279 quia
531 2209 670 2262 tunc
713 2202 943 2282 absque
979 2208 1106 2266 vita
1144 2208 1392 2284 spiritus
1433 2209 1531 2266 sui
1581 2214 1703 2281 est,
1756 2207 2028 2284 frigescit
2064 2214 2125 2266 ct
2161 2206 2470 2283 putrescit.

350 2303 528 2380 Quod
560 2306 766 2363 intima
803 2310 1257 2368 communicatio
1304 2309 1552 2385 spiritus
1594 2307 1850 2369 hominis
1899 2310 1979 2367 sit
2026 2326 2162 2369 cum
2202 2307 2471 2383 respira-

348 2406 510 2465 tione
560 2412 621 2464 et
663 2422 797 2466 cum
836 2407 1045 2484 corde,
1095 2416 1189 2469 est
1224 2411 1366 2486 quia
1403 2425 1610 2468 omnes
1656 2408 1877 2469 vitales
1918 2414 2114 2467 motus
2148 2407 2286 2466 inde
2322 2422 2474 2483 pen-

352 2506 524 2584 dent,
581 2523 698 2567 non
734 2506 929 2568 solum
959 2510 1019 2568 in
1049 2511 1372 2584 communi,
1428 2509 1540 2568 sed
1574 2510 1752 2569 etiam
1780 2509 1842 2567 in
1879 2510 2039 2567 omni
2071 2514 2246 2585 parte
2269 2501 2372 2588 (c).
2448 2536 2453 2540 .

393 2649 406 2657 .
508 2611 670 2668 447.
744 2607 1006 2685 Spiritus
1061 2610 1315 2671 hominis
1366 2615 1508 2687 post
1557 2611 1999 2686 separationem
2041 2608 2476 2685 aliquantisper

352 2716 553 2769 manet
581 2712 642 2768 in
685 2726 964 2788 corpore,
1017 2710 1126 2771 sed
1176 2728 1294 2770 non
1336 2709 1559 2794 diutius
1610 2727 1787 2787 quam
1827 2708 1904 2767 ad
1944 2711 2337 2769 cessationem
2376 2714 2471 2768 to-

351 2810 533 2870 talem
584 2810 815 2886 cordiS,
869 2810 1028 2889 quod
1062 2811 1128 2871 fit
1163 2829 1298 2872 cum
1333 2812 1625 2870 varietate
1658 2791 2248 2871 secundum⁶statum
2286 2808 2476 2867 morbi

352 2927 426 2971 ex
465 2929 582 2990 quo
615 2912 794 2972 homo
825 2915 1106 2985 moritur,
1161 2930 1298 2972 nam
1333 2918 1531 2971 motus
1572 2910 1767 2972 cordis
1806 2910 1970 2990 apud
2006 2911 2298 2987 quosdam
2333 2925 2475 2986 per-

349 3019 471 3072 stat
508 3013 636 3090 diu,
678 3020 738 3073 et
769 3014 931 3091 apud
968 3014 1258 3091 quosdam
1286 3029 1404 3072 non
1430 3011 1565 3090 diu3
1615 3019 1685 3071 ut
1705 3015 1964 3091 primum
1989 3011 2086 3072 hic
2115 3017 2312 3071 motus
2339 3026 2476 3071 ces-

348 3121 473 3190 sat,
543 3112 720 3175 horno
772 3117 1210 3192 resuscitatur3
1290 3114 1399 3173 sed
1448 3113 1564 3173 hoc
1620 3113 1686 3173 fit
1736 3130 1775 3173 a
1823 3114 1953 3175 solo
2002 3113 2288 3174 Domino:
2363 3128 2473 3188 per

496 3353 589 3416 ’(ει)
635 3350 810 3428 Quod
848 3350 1012 3403 Mors
1055 3351 1113 3402 in
1159 3350 1358 3404 Verbo
1401 3350 1687 3422 significet
1725 3348 2248 3410 resurrectionem,
2293 3363 2472 3418 quon·

351 3426 484 3488 iam,
527 3445 658 3479 cum
690 3428 941 3479 moritur
974 3427 1171 3490 horno,
1216 3428 1594 3480 continuatur
1619 3441 1802 3497 usque
1846 3424 1968 3491 ejus
2009 3423 2146 3486 vita,
2190 3440 2258 3474 n:
2304 3429 2473 3483 3498.

353 3507 520 3561 3505.
568 3509 733 3561 4618·
778 3509 947 3562 4621.
992 3510 1157 3563 6036·
1204 3509 1372 3562 6222.

363 3591 366 3592 ’
508 3575 599 3642 (b)
655 3576 826 3646 Quod
869 3577 989 3629 Cor
1039 3577 1499 3648 correspondeat
1548 3575 1870 3637 voluntati,
1935 3576 2010 3627 ita
2065 3590 2300 3646 quoque
2341 3573 2474 3628 affe-

353 3651 535 3703 ctioni
579 3668 726 3722 quae
768 3653 1025 3714 amorio,
1088 3664 1146 3707 et
1197 3652 1533 3723 Respiratio
1587 3651 1927 3721 pulmonum
1981 3650 2334 3715 intellectui,
2397 3651 2477 3705 ita

350 3727 730 3799 cogitationi,
792 3745 857 3780 n:
905 3734 1074 3788 3888.
1156 3728 1328 3806 Quod
1369 3728 1490 3780 Cor
1532 3726 1591 3777 in
1634 3725 1836 3780 Verbo
1877 3724 2011 3780 inde
2053 3725 2338 3800 significet
2375 3745 2476 3781 vo-

349 3805 631 3857 luntatem
675 3814 732 3858 et
774 3819 1065 3866 amorem,
1128 3820 1196 3854 n:
1248 3810 1429 3863 7542.
1475 3808 1646 3861 9050.
1690 3810 1897 3863 10336.
1977 3802 2049 3856 Et
2090 3801 2247 3876 quod
2286 3803 2475 3857 anima

350 3880 635 3953 significet
665 3880 1046 3942 intellectum,
1096 3877 1266 3931 fidem
1297 3889 1353 3931 et
1380 3896 1607 3939 verum,
1652 3877 1786 3932 inde
1808 3896 1875 3931 ex
1896 3879 2083 3931 anima
2112 3890 2171 3933 et
2201 3896 2269 3933 ex
2296 3879 2474 3933 corde

351 3958 637 4029 significat
679 3957 835 4029 quod
879 3975 946 4009 ex
989 3956 1321 4019 intellectu,
1366 3955 1496 4019 fide,
1539 3972 1706 4019 vero,
1750 3967 1809 4009 et
1849 3954 2004 4028 quod
2045 3973 2113 4010 ex
2153 3956 2472 4018 voluntate,

347 4050 578 4097 amore,
639 4032 836 4098 bono,
893 4050 964 4087 ιιι
1008 4041 1177 4094 2930.
1223 4040 1390 4094 9050.
1473 4035 1561 4085 De
1601 4032 2120 4104 correspondentia
2164 4032 2377 4102 Gordia
2417 4042 2476 4085 ct

348 4109 692 4162 Pulmonum
737 4127 865 4162 cum
907 4110 1161 4163 Maximo
1206 4108 1452 4161 Homine
1495 4124 1596 4161 seu
1639 4109 1843 4175 Coelo,
1887 4127 1954 4161 n:
2002 4116 2148 4170 3883
2190 4107 2262 4162 ad
2303 4114 2473 4168 3896.

503 4185 589 4248 (c)
643 4185 811 4263 Quod
867 4186 1067 4256 pulsus
1120 4184 1332 4239 Gordia
1384 4196 1441 4239 et
1491 4185 1805 4255 respiratio
1860 4185 2208 4238 Pulmonum
2249 4185 2310 4235 in
2347 4180 2473 4235 uni-

349 4277 523 4314 verso
577 4277 829 4331 corpore
883 4273 1159 4334 regnent,
1223 4273 1281 4315 et
1332 4262 1530 4315 ubivis
1585 4273 1786 4316 mutuo
1842 4260 2112 4324 influant,
2174 4277 2244 4310 n:
2302 4265 2471 4318 3887.

350 4344 518 4398 3889.
563 4345 728 4398 3890.

2368 4783 2505 5000 5

2546 4679 2625 4716 Aa!

2498 4733 2537 4780 i-
