3013 5114
1004 518 1019 539 ‚
1054 453 1239 507 SUNT
1279 453 1459 507 ‘ress
1502 452 1732 508 cosm.
2365 469 2427 517 ις,

300 614 586 689 ligentia,
641 615 703 670 in
740 611 1080 688 Sapientia,
1135 615 1196 671 in
1230 614 1485 688 Amore,
1540 614 1720 689 inque
1760 615 1917 672 omni
1954 614 2147 690 bono,
2200 621 2263 674 et
2286 616 2426 677 inde

299 713 624 786 felicitate,
688 729 805 770 non
842 719 1043 772 autem
1093 716 1155 772 in
1204 712 1490 773 felicitate
1528 714 1758 790 absque
1791 712 1942 784 illis,
1995 733 2134 774 nam
2167 715 2428 775 felicitas

301 815 538 889 absque
572 812 691 870 illis
730 819 823 871 est
859 826 1108 872 externa
1144 820 1204 874 et
1239 830 1358 872 non
1403 816 1654 872 interna.
1748 812 1908 889 Quia
1940 817 2226 875 interiora
2262 816 2427 893 apud

301 913 575 990 Angelos
611 914 801 971 intimi
838 912 1008 972 Coeli
1048 920 1262 991 aperta
1314 919 1453 972 sunt
1496 915 1560 972 in
1609 915 1783 973 tertio
1829 914 2053 991 gradu,
2106 915 2243 975 ideo
2278 933 2423 992 per-

297 1016 484 1074 fectio
520 1013 761 1074 illorum
799 1017 1155 1073 immensum
1205 1019 1456 1091 superat
1493 1015 1923 1090 perfectionem
1972 1015 2322 1093 angelorum
2366 1019 2427 1075 in

300 1115 503 1174 medio
534 1113 703 1173 coelo
714 1158 730 1189 ,
772 1132 1023 1191 quorum
1063 1117 1349 1175 interiora
1383 1121 1597 1190 aperta
1633 1122 1774 1174 sunt
1807 1116 1868 1173 in
1904 1115 2167 1176 secundo
2203 1115 2423 1192 gradu3

301 1215 582 1275 similiter
618 1215 854 1275 excedit
885 1216 1177 1292 perfectio
1221 1215 1575 1292 angelorum
1602 1213 1783 1275 medii
1810 1215 1964 1275 coeli
1997 1216 2429 1292 perfectionem

302 1315 674 1392 Angelorum
711 1315 903 1374 ultimi
939 1316 1108 1375 coeli.

525 1417 637 1475 35.
696 1415 854 1491 Quia
890 1416 1011 1475 tale
1049 1418 1368 1476 discrimen
1405 1423 1515 1493 est,
1562 1434 1681 1477 non
1706 1423 1908 1494 potest
1934 1417 2206 1494 Angelus
2245 1419 2424 1477 unius

304 1517 466 1577 coeli
501 1517 726 1575 intrare
774 1516 852 1574 ad
897 1517 1165 1593 Angelos
1211 1517 1458 1577 alterius
1498 1515 1693 1592 Coeli,
1750 1534 1862 1576 seu
1915 1535 2034 1576 non
2069 1524 2274 1594 potest
2309 1517 2422 1577 ali-

303 1619 445 1694 quis
486 1634 563 1676 ex
613 1618 881 1676 inferiori
932 1617 1116 1677 Coelo
1164 1615 1531 1692 ascendere,
1602 1635 1714 1677 nec
1762 1617 1978 1694 aliquis
2017 1633 2090 1678 ex
2128 1620 2428 1695 superiori

305 1717 496 1777 Coelo
534 1714 936 1777 deScendere:
994 1720 1096 1793 qui
1144 1735 1218 1777 ex
1267 1719 1534 1777 inferiori
1581 1717 1767 1778 Coelo
1815 1719 2117 1789 ascendit,
2170 1720 2423 1795 corripi-

306 1826 409 1876 tur
443 1819 748 1878 anxietate
784 1835 979 1894 usque
1023 1818 1100 1876 ad
1148 1818 1446 1892 dolorem,
1501 1835 1614 1877 nec
1661 1825 1865 1894 potest
1899 1819 2104 1879 videre
2147 1819 2285 1879 illos
2328 1821 2430 1895 qui

304 1919 420 1992 ibi,
476 1921 672 1977 minus
702 1918 869 1995 loqui
905 1934 1041 1976 cum
1075 1918 1222 1993 illis3
1279 1925 1340 1977 et
1377 1920 1480 1992 qui
1516 1935 1592 1977 ex
1627 1921 1925 1994 superiori
1961 1919 2130 1985 coelo
2166 1919 2423 1979 descen-

306 2020 424 2093 dit,
481 2022 755 2096 privatur
790 2036 904 2078 sua
938 2019 1266 2094 sapientia,
1317 2016 1537 2077 titubat
1573 2035 1751 2092 voce,
1794 2025 1854 2077 et
1890 2017 2192 2094 desperat.
2259 2018 2424 2078 Fue·

304 2128 443 2179 runt
503 2119 747 2197 quidam
812 2138 886 2179 ex
946 2119 1155 2178 ultimo
1211 2119 1410 2189 coelo,
1463 2120 1565 2195 qui
1612 2119 1872 2178 nondum
1916 2120 2192 2178 instructi
2235 2127 2423 2195 erant,

208 2256 221 2269 -
304 2221 472 2298 quod
521 2219 771 2280 Coelum
829 2223 1187 2279 consisteret
1244 2223 1306 2279 in
1368 2219 1751 2278 interioribus
1807 2219 2051 2297 Angeli,
2110 2219 2426 2281 credentes

306 2321 467 2397 quod
504 2322 564 2378 in
605 2322 979 2396 superiorem
1027 2320 1374 2380 felicitatem
1419 2320 1750 2380 coelestem
1784 2323 2088 2396 venirent,
2143 2320 2320 2381 modo
2362 2322 2424 2380 in

302 2422 540 2481 coelum
580 2421 685 2479 ubi
720 2420 807 2479 illi
842 2420 1088 2497 Angeli3
1140 2420 1600 2497 permittebatur
1640 2424 1820 2480 etiam
1857 2428 1924 2479 ut
1951 2420 2028 2479 ad
2063 2420 2199 2480 illos
2235 2423 2424 2481 intra-

302 2530 468 2598 rent,
526 2528 589 2582 at
626 2539 760 2581 cum
806 2521 890 2580 ibi
939 2528 1139 2595 erant,
1192 2523 1489 2582 neminem
1538 2520 1826 2581 videbant
1871 2527 2177 2597 utcunque
2228 2523 2429 2597 inqui-

303 2632 542 2696 rerent,
598 2615 839 2682 tametsi
874 2640 1094 2698 magna
1136 2620 1458 2680 multitudo
1506 2629 1663 2695 erat3
1722 2621 2091 2679 advenarum
2128 2622 2285 2679 enim
2332 2622 2428 2679 in-

300 2727 529 2804 teriora
564 2742 682 2783 non
718 2731 932 2800 aperta
968 2728 1138 2780 erant
1175 2725 1237 2782 in
1273 2720 1379 2779 tali
1414 2720 1631 2796 gradu,
1671 2723 1732 2779 in
1760 2737 1876 2797 quo
1913 2721 2198 2780 interiora
2231 2737 2422 2796 ange-

291 2825 500 2883 lorum
547 2826 652 2901 qui
684 2824 799 2894 ibi,
849 2824 992 2883 inde
1028 2840 1156 2892 nec,
1173 2823 1340 2881 visus
1355 2841 1372 2897 3
1429 2829 1490 2881 et
1535 2821 1718 2898 paulo
1765 2828 1906 2898 post
1949 2820 2428 2898 corripiebantur

292 2943 534 3002 angore
573 2925 799 2999 cordiS,
855 2941 1052 3002 usque
1095 2923 1248 2983 adeo
1293 2930 1359 2981 ut
1393 2925 1493 2982 vix
1529 2925 1754 2983 scirent
1794 2940 1938 2981 num
1972 2924 2033 2980 in
2059 2924 2185 2982 vita
2225 2929 2429 2983 essent

304 3025 405 3085 vel
451 3043 606 3101 non,
663 3031 1033 3102 quapropter
1081 3025 1281 3083 subito
1331 3024 1467 3083 inde
1512 3040 1579 3082 se
1620 3024 2001 3083 contulerunt
2048 3023 2126 3082 ad
2178 3022 2428 3084 Coelum

306 3126 466 3184 unde
508 3133 697 3196 erant,
732 3127 927 3203 gavisi
964 3125 1120 3201 quod
1155 3127 1308 3183 inter
1345 3141 1487 3184 suos
1515 3127 1791 3183 venirent
1804 3145 1820 3200 3
1860 3123 2227 3200 spondentes
2265 3124 2428 3201 qnod

302 3244 423 3285 non
467 3227 724 3303 amplius
773 3232 1064 3302 cuperent
1099 3225 1339 3299 altiora,
1404 3237 1584 3300 quam
1622 3242 1776 3301 quae
1826 3227 1985 3284 vitae
2025 3241 2235 3285 eorum
2270 3241 2422 3283 con-

301 3327 572 3386 cordant.
652 3326 794 3385 Vidi
843 3328 1020 3386 etiam
1060 3325 1353 3385 demissos
1395 3343 1426 3385 e
1465 3325 1635 3384 coelo
1670 3326 2002 3401 superiori,
2059 3330 2120 3383 et
2153 3325 2424 3401 privatos

300 3444 417 3486 sua
451 3429 778 3504 sapientia,
844 3443 1036 3503 usque
1074 3432 1141 3484 ut
1177 3428 1478 3485 nescirent
1525 3424 1702 3501 quale
1749 3432 1913 3484 esset
1953 3441 2131 3482 suum
2166 3422 2420 3483 coelum.

301 3526 495 3587 Secus
530 3527 628 3597 fit,
679 3545 813 3586 cum
840 3526 1135 3585 Dominus
1173 3527 1374 3585 elevat
1413 3527 1649 3603 aliquos
1700 3544 1775 3585 ex
1824 3524 2090 3582 inferiori
2138 3521 2322 3582 Coelo
2360 3525 2422 3582 in

303 3629 615 3705 superius,
656 3634 724 3685 ut
759 3626 1003 3686 videant
1037 3626 1288 3704 gloriam
1323 3626 1625 3708 ibi,'quod
1658 3625 1725 3684 fit
1752 3625 2020 3700 saepiuS,
2058 3629 2200 3682 tunc
2236 3607 2422 3699 prae-

300 3735 595 3806 parantur
626 3730 912 3805 primum,
968 3735 1030 3787 et
1074 3729 1370 3804 stipantur
1417 3724 1649 3803 angelis
1699 3723 2067 3784 intermediis
2121 3742 2233 3803 per
2272 3740 2429 3802 quos

299 4072 370 4108 n:
414 4062 584 4116 3405.
630 4061 796 4114 5146.
843 4062 1011 4115 5147.
1095 4051 1264 4117 Quod
1307 4052 1366 4105 in
1424 4052 1657 4106 interno
1713 4050 1895 4104 millia
1947 4061 2005 4103 et
2057 4050 2237 4104 millia
2291 4049 2426 4114 sint,

299 4147 447 4201 quae
491 4130 549 4181 in
593 4140 832 4183 externo
878 4139 1160 4202 apparent
1202 4139 1265 4181 ut
1309 4145 1619 4182 commune
1662 4144 1871 4189 unum,
1918 4144 1984 4179 n:
2032 4134 2198 4187 5707.
2263 4124 2430 4191 Quod

296 4215 573 4276 quantum
619 4207 792 4258 homo
835 4206 905 4258 ab
949 4205 1203 4258 externis
1246 4206 1513 4257 elevatur
1569 4219 1772 4256 versus
1816 4201 2142 4269 interiora,
2207 4212 2429 4255 tantum

300 4282 361 4333 in
402 4283 592 4336 lucem
633 4293 692 4335 et
732 4283 811 4335 ita
853 4283 913 4334 in
955 4281 1398 4352 intelligentiam
1440 4279 1668 4341 veniat,
1734 4289 1791 4331 et
1848 4277 2007 4348 quod
2060 4277 2312 4332 elevatio
2356 4277 2431 4329 sit

299 4358 449 4410 sicut
488 4375 521 4411 e
564 4358 764 4411 nimbo
808 4358 867 4410 in
908 4357 1158 4419 clarum,
1202 4375 1269 4409 n:
1315 4364 1486 4417 4598.
1533 4362 1703 4416 6183.
1752 4361 1927 4412 6313.
1974 4429 2003 4466 k
