<?xml version="1.0" encoding="UTF-8"?>
<!DOCTYPE html PUBLIC "-//W3C//DTD XHTML 1.0 Transitional//EN"
    "http://www.w3.org/TR/xhtml1/DTD/xhtml1-transitional.dtd">
<html xmlns="http://www.w3.org/1999/xhtml" xml:lang="en" lang="en">
 <head>
  <title>
</title>
<meta http-equiv="Content-Type" content="text/html;charset=utf-8" />
  <meta name='ocr-system' content='tesseract 3.04.00' />
  <meta name='ocr-capabilities' content='ocr_page ocr_carea ocr_par ocr_line ocrx_word'/>
</head>
<body>
  <div class='ocr_page' id='page_1' title='image "./decoeloetejusmi00tafegoog_0078.png"; bbox 0 0 3013 5114; ppageno 0'>
   <div class='ocr_carea' id='block_1_1' title="bbox 569 385 2050 451">
    <p class='ocr_par' dir='ltr' id='par_1_1' title="bbox 569 385 2050 451">
     <span class='ocr_line' id='line_1_1' title="bbox 569 385 2050 451; baseline 0.007 -20"><span class='ocrx_word' id='word_1_1' title='bbox 569 400 637 451; x_wconf 69' lang='lat'>7‘2</span> <span class='ocrx_word' id='word_1_2' title='bbox 1162 389 1254 440; x_wconf 76' lang='lat' dir='ltr'>DE</span> <span class='ocrx_word' id='word_1_3' title='bbox 1299 386 1533 440; x_wconf 81' lang='lat' dir='ltr'>COELO</span> <span class='ocrx_word' id='word_1_4' title='bbox 1581 385 1671 438; x_wconf 79' lang='lat' dir='ltr'>ET</span> <span class='ocrx_word' id='word_1_5' title='bbox 1713 386 2050 442; x_wconf 81' lang='lat' dir='ltr'><strong>INFERNO.</strong></span> 
     </span>
    </p>
   </div>
   <div class='ocr_carea' id='block_1_2' title="bbox 562 545 2690 3543">
    <p class='ocr_par' dir='ltr' id='par_1_2' title="bbox 564 545 2687 1412">
     <span class='ocr_line' id='line_1_2' title="bbox 565 545 2687 625; baseline -0.001 -18"><span class='ocrx_word' id='word_1_6' title='bbox 565 556 635 607; x_wconf 89' lang='lat' dir='ltr'>ut</span> <span class='ocrx_word' id='word_1_7' title='bbox 682 554 1029 625; x_wconf 80' lang='lat' dir='ltr'>spectentur</span> <span class='ocrx_word' id='word_1_8' title='bbox 1079 548 1139 603; x_wconf 91' lang='lat' dir='ltr'>in</span> <span class='ocrx_word' id='word_1_9' title='bbox 1189 546 1324 605; x_wconf 84' lang='lat' dir='ltr'>luce</span> <span class='ocrx_word' id='word_1_10' title='bbox 1375 546 1561 605; x_wconf 85' lang='lat' dir='ltr'>coeli:</span> <span class='ocrx_word' id='word_1_11' title='bbox 1619 553 1678 604; x_wconf 86' lang='lat' dir='ltr'>et</span> <span class='ocrx_word' id='word_1_12' title='bbox 1715 546 1874 621; x_wconf 89' lang='lat' dir='ltr'>quod</span> <span class='ocrx_word' id='word_1_13' title='bbox 1910 547 2163 616; x_wconf 86' lang='lat' dir='ltr'>mirum,</span> <span class='ocrx_word' id='word_1_14' title='bbox 2225 546 2422 621; x_wconf 91' lang='lat' dir='ltr'>quiin</span> <span class='ocrx_word' id='word_1_15' title='bbox 2458 545 2687 605; x_wconf 84' lang='lat' dir='ltr'>inferno</span> 
     </span>
     <span class='ocr_line' id='line_1_3' title="bbox 567 633 2687 734; baseline -0.001 -26"><span class='ocrx_word' id='word_1_16' title='bbox 567 656 736 719; x_wconf 79' lang='lat' dir='ltr'>sunt,</span> <span class='ocrx_word' id='word_1_17' title='bbox 789 648 875 705; x_wconf 91' lang='lat' dir='ltr'>illi</span> <span class='ocrx_word' id='word_1_18' title='bbox 908 649 1063 705; x_wconf 90' lang='lat' dir='ltr'>inter</span> <span class='ocrx_word' id='word_1_19' title='bbox 1099 663 1164 704; x_wconf 84' lang='lat' dir='ltr'>se</span> <span class='ocrx_word' id='word_1_20' title='bbox 1206 652 1500 723; x_wconf 83' lang='lat' dir='ltr'>apparent</span> <span class='ocrx_word' id='word_1_21' title='bbox 1536 652 1603 703; x_wconf 92' lang='lat' dir='ltr'>ut</span> <span class='ocrx_word' id='word_1_22' title='bbox 1638 646 1936 719; x_wconf 86' lang='lat' dir='ltr'>homines,</span> <span class='ocrx_word' id='word_1_23' title='bbox 1992 645 2103 704; x_wconf 84' lang='lat' dir='ltr'>sed</span> <span class='ocrx_word' id='word_1_24' title='bbox 2136 633 2213 734; x_wconf 62' lang='lat' dir='ltr'>{in</span> <span class='ocrx_word' id='word_1_25' title='bbox 2253 645 2391 703; x_wconf 86' lang='lat' dir='ltr'>luce</span> <span class='ocrx_word' id='word_1_26' title='bbox 2433 646 2585 705; x_wconf 89' lang='lat' dir='ltr'>coeli</span> <span class='ocrx_word' id='word_1_27' title='bbox 2621 654 2687 705; x_wconf 91' lang='lat' dir='ltr'>ut</span> 
     </span>
     <span class='ocr_line' id='line_1_4' title="bbox 566 746 2682 822; baseline -0.002 -14"><span class='ocrx_word' id='word_1_28' title='bbox 566 755 863 822; x_wconf 84' lang='lat' dir='ltr'>monstra,</span> <span class='ocrx_word' id='word_1_29' title='bbox 905 747 1203 806; x_wconf 87' lang='lat' dir='ltr'>horrenda</span> <span class='ocrx_word' id='word_1_30' title='bbox 1238 748 1391 806; x_wconf 84' lang='lat' dir='ltr'>facie</span> <span class='ocrx_word' id='word_1_31' title='bbox 1432 754 1492 806; x_wconf 85' lang='lat' dir='ltr'>et</span> <span class='ocrx_word' id='word_1_32' title='bbox 1527 746 1823 804; x_wconf 89' lang='lat' dir='ltr'>horrendo</span> <span class='ocrx_word' id='word_1_33' title='bbox 1862 763 2133 822; x_wconf 88' lang='lat' dir='ltr'>corpore,</span> <span class='ocrx_word' id='word_1_34' title='bbox 2170 762 2421 822; x_wconf 81' lang='lat' dir='ltr'>prorsus</span> <span class='ocrx_word' id='word_1_35' title='bbox 2462 749 2520 804; x_wconf 91' lang='lat' dir='ltr'>in</span> <span class='ocrx_word' id='word_1_36' title='bbox 2557 748 2682 806; x_wconf 87' lang='lat' dir='ltr'>sor-</span> 
     </span>
     <span class='ocr_line' id='line_1_5' title="bbox 569 844 2685 928; baseline -0.001 -20"><span class='ocrx_word' id='word_1_37' title='bbox 569 868 667 908; x_wconf 87' lang='lat' dir='ltr'>ma</span> <span class='ocrx_word' id='word_1_38' title='bbox 701 851 795 908; x_wconf 85' lang='lat' dir='ltr'>sui</span> <span class='ocrx_word' id='word_1_39' title='bbox 832 848 972 906; x_wconf 89' lang='lat' dir='ltr'>mali</span> <span class='ocrx_word' id='word_1_40' title='bbox 1022 844 1207 928; x_wconf 87' lang='lat' dir='ltr'>(mm).</span> <span class='ocrx_word' id='word_1_41' title='bbox 1300 847 1585 907; x_wconf 79' lang='lat' dir='ltr'>Similiter</span> <span class='ocrx_word' id='word_1_42' title='bbox 1633 853 1889 923; x_wconf 86' lang='lat' dir='ltr'>apparet</span> <span class='ocrx_word' id='word_1_43' title='bbox 1936 846 2113 904; x_wconf 93' lang='lat' dir='ltr'>homo</span> <span class='ocrx_word' id='word_1_44' title='bbox 2167 846 2365 922; x_wconf 90' lang='lat' dir='ltr'>quoad</span> <span class='ocrx_word' id='word_1_45' title='bbox 2408 850 2685 923; x_wconf 79' lang='lat' dir='ltr'>spiritum</span> 
     </span>
     <span class='ocr_line' id='line_1_6' title="bbox 569 947 2686 1025; baseline -0.001 -16"><span class='ocrx_word' id='word_1_46' title='bbox 569 968 774 1025; x_wconf 77' lang='lat' dir='ltr'>suum,</span> <span class='ocrx_word' id='word_1_47' title='bbox 833 967 970 1008; x_wconf 86' lang='lat' dir='ltr'>cum</span> <span class='ocrx_word' id='word_1_48' title='bbox 1007 955 1321 1025; x_wconf 83' lang='lat' dir='ltr'>spectatur</span> <span class='ocrx_word' id='word_1_49' title='bbox 1356 948 1432 1006; x_wconf 89' lang='lat' dir='ltr'>ab</span> <span class='ocrx_word' id='word_1_50' title='bbox 1468 947 1749 1024; x_wconf 74' lang='lat' dir='ltr'>Angelis,</span> <span class='ocrx_word' id='word_1_51' title='bbox 1807 950 1859 1006; x_wconf 87' lang='lat' dir='ltr'>si</span> <span class='ocrx_word' id='word_1_52' title='bbox 1893 947 2085 1005; x_wconf 86' lang='lat' dir='ltr'>bonus</span> <span class='ocrx_word' id='word_1_53' title='bbox 2124 954 2376 1023; x_wconf 89' lang='lat' dir='ltr'>apparet</span> <span class='ocrx_word' id='word_1_54' title='bbox 2409 954 2475 1006; x_wconf 89' lang='lat' dir='ltr'>ut</span> <span class='ocrx_word' id='word_1_55' title='bbox 2509 948 2686 1006; x_wconf 90' lang='lat' dir='ltr'>homo</span> 
     </span>
     <span class='ocr_line' id='line_1_7' title="bbox 566 1047 2685 1128; baseline -0.001 -19"><span class='ocrx_word' id='word_1_56' title='bbox 566 1051 821 1128; x_wconf 84' lang='lat' dir='ltr'>pulcher</span> <span class='ocrx_word' id='word_1_57' title='bbox 859 1049 1186 1108; x_wconf 82' lang='lat' dir='ltr'>secundum</span> <span class='ocrx_word' id='word_1_58' title='bbox 1227 1049 1357 1127; x_wconf 78' lang='lat' dir='ltr'>ejus</span> <span class='ocrx_word' id='word_1_59' title='bbox 1402 1049 1658 1118; x_wconf 91' lang='lat' dir='ltr'>bonum,</span> <span class='ocrx_word' id='word_1_60' title='bbox 1718 1051 1770 1106; x_wconf 86' lang='lat' dir='ltr'>si</span> <span class='ocrx_word' id='word_1_61' title='bbox 1817 1047 2009 1106; x_wconf 83' lang='lat' dir='ltr'>malus</span> <span class='ocrx_word' id='word_1_62' title='bbox 2059 1055 2123 1104; x_wconf 93' lang='lat' dir='ltr'>ut</span> <span class='ocrx_word' id='word_1_63' title='bbox 2159 1054 2520 1121; x_wconf 86' lang='lat' dir='ltr'>monstrum,</span> <span class='ocrx_word' id='word_1_64' title='bbox 2575 1049 2685 1108; x_wconf 89' lang='lat' dir='ltr'>de-</span> 
     </span>
     <span class='ocr_line' id='line_1_8' title="bbox 564 1148 2684 1226; baseline -0.002 -16"><span class='ocrx_word' id='word_1_65' title='bbox 564 1152 753 1210; x_wconf 84' lang='lat' dir='ltr'><strong>forme</strong></span> <span class='ocrx_word' id='word_1_66' title='bbox 793 1150 1121 1209; x_wconf 86' lang='lat' dir='ltr'>secundum</span> <span class='ocrx_word' id='word_1_67' title='bbox 1166 1151 1296 1226; x_wconf 84' lang='lat' dir='ltr'>ejus</span> <span class='ocrx_word' id='word_1_68' title='bbox 1326 1149 1567 1207; x_wconf 88' lang='lat' dir='ltr'>malum.</span> <span class='ocrx_word' id='word_1_69' title='bbox 1621 1148 1768 1207; x_wconf 89' lang='lat' dir='ltr'>Inde</span> <span class='ocrx_word' id='word_1_70' title='bbox 1805 1154 2004 1223; x_wconf 84' lang='lat' dir='ltr'>patet,</span> <span class='ocrx_word' id='word_1_71' title='bbox 2064 1148 2221 1223; x_wconf 91' lang='lat' dir='ltr'>quod</span> <span class='ocrx_word' id='word_1_72' title='bbox 2259 1151 2455 1206; x_wconf 88' lang='lat' dir='ltr'>omnia</span> <span class='ocrx_word' id='word_1_73' title='bbox 2489 1151 2684 1207; x_wconf 89' lang='lat' dir='ltr'>mani-</span> 
     </span>
     <span class='ocr_line' id='line_1_9' title="bbox 567 1249 2686 1324; baseline -0.002 -13"><span class='ocrx_word' id='word_1_74' title='bbox 567 1253 860 1311; x_wconf 87' lang='lat' dir='ltr'>festentur</span> <span class='ocrx_word' id='word_1_75' title='bbox 920 1254 979 1309; x_wconf 91' lang='lat' dir='ltr'>in</span> <span class='ocrx_word' id='word_1_76' title='bbox 1042 1251 1205 1310; x_wconf 86' lang='lat' dir='ltr'>Luce</span> <span class='ocrx_word' id='word_1_77' title='bbox 1256 1249 1436 1324; x_wconf 79' lang='lat' dir='ltr'>coeli3</span> <span class='ocrx_word' id='word_1_78' title='bbox 1511 1251 1966 1307; x_wconf 81' lang='lat' dir='ltr'>manifestantur</span> <span class='ocrx_word' id='word_1_79' title='bbox 2012 1250 2151 1324; x_wconf 85' lang='lat' dir='ltr'>quia</span> <span class='ocrx_word' id='word_1_80' title='bbox 2197 1249 2327 1307; x_wconf 81' lang='lat' dir='ltr'>Lux</span> <span class='ocrx_word' id='word_1_81' title='bbox 2392 1251 2545 1309; x_wconf 82' lang='lat' dir='ltr'>coeli</span> <span class='ocrx_word' id='word_1_82' title='bbox 2595 1258 2686 1309; x_wconf 83' lang='lat' dir='ltr'>est</span> 
     </span>
     <span class='ocr_line' id='line_1_10' title="bbox 565 1351 1135 1412; baseline -0.002 -1"><span class='ocrx_word' id='word_1_83' title='bbox 565 1354 850 1411; x_wconf 88' lang='lat' dir='ltr'>Divinum</span> <span class='ocrx_word' id='word_1_84' title='bbox 891 1351 1135 1412; x_wconf 87' lang='lat' dir='ltr'>Verum.</span> 
     </span>
    </p>

    <p class='ocr_par' dir='ltr' id='par_1_3' title="bbox 565 1450 2688 2433">
     <span class='ocr_line' id='line_1_11' title="bbox 730 1450 2686 1526; baseline -0.001 -16"><span class='ocrx_word' id='word_1_85' title='bbox 730 1454 888 1510; x_wconf 83' lang='lat'>132.</span> <span class='ocrx_word' id='word_1_86' title='bbox 962 1452 1119 1526; x_wconf 83' lang='lat' dir='ltr'>Quia</span> <span class='ocrx_word' id='word_1_87' title='bbox 1175 1452 1455 1509; x_wconf 74' lang='lat' dir='ltr'>Diviuum</span> <span class='ocrx_word' id='word_1_88' title='bbox 1509 1452 1735 1510; x_wconf 89' lang='lat' dir='ltr'>Verum</span> <span class='ocrx_word' id='word_1_89' title='bbox 1800 1455 1892 1508; x_wconf 84' lang='lat' dir='ltr'>est</span> <span class='ocrx_word' id='word_1_90' title='bbox 1947 1450 2078 1507; x_wconf 80' lang='lat' dir='ltr'>Lux</span> <span class='ocrx_word' id='word_1_91' title='bbox 2130 1453 2189 1508; x_wconf 92' lang='lat' dir='ltr'>in</span> <span class='ocrx_word' id='word_1_92' title='bbox 2252 1451 2483 1526; x_wconf 77' lang='lat' dir='ltr'>CoeliS,</span> <span class='ocrx_word' id='word_1_93' title='bbox 2548 1452 2686 1509; x_wconf 83' lang='lat' dir='ltr'>ideo</span> 
     </span>
     <span class='ocr_line' id='line_1_12' title="bbox 569 1550 2686 1626; baseline -0.002 -14"><span class='ocrx_word' id='word_1_94' title='bbox 569 1556 764 1612; x_wconf 87' lang='lat' dir='ltr'>onmia</span> <span class='ocrx_word' id='word_1_95' title='bbox 800 1570 974 1626; x_wconf 83' lang='lat' dir='ltr'>vera,</span> <span class='ocrx_word' id='word_1_96' title='bbox 1014 1552 1354 1626; x_wconf 86' lang='lat' dir='ltr'>ubicunque</span> <span class='ocrx_word' id='word_1_97' title='bbox 1391 1558 1561 1625; x_wconf 85' lang='lat' dir='ltr'>sunt,</span> <span class='ocrx_word' id='word_1_98' title='bbox 1620 1554 1747 1610; x_wconf 83' lang='lat' dir='ltr'>sive</span> <span class='ocrx_word' id='word_1_99' title='bbox 1786 1554 1940 1608; x_wconf 87' lang='lat' dir='ltr'>intra</span> <span class='ocrx_word' id='word_1_100' title='bbox 1974 1550 2304 1626; x_wconf 79' lang='lat' dir='ltr'>Angelum,</span> <span class='ocrx_word' id='word_1_101' title='bbox 2354 1553 2482 1625; x_wconf 78' lang='lat' dir='ltr'>siye</span> <span class='ocrx_word' id='word_1_102' title='bbox 2517 1558 2686 1610; x_wconf 85' lang='lat' dir='ltr'>extra</span> 
     </span>
     <span class='ocr_line' id='line_1_13' title="bbox 566 1651 2687 1727; baseline -0.002 -15"><span class='ocrx_word' id='word_1_103' title='bbox 566 1654 763 1727; x_wconf 89' lang='lat' dir='ltr'>illum,</span> <span class='ocrx_word' id='word_1_104' title='bbox 818 1660 944 1710; x_wconf 89' lang='lat' dir='ltr'>tum</span> <span class='ocrx_word' id='word_1_105' title='bbox 979 1654 1109 1710; x_wconf 85' lang='lat' dir='ltr'>sive</span> <span class='ocrx_word' id='word_1_106' title='bbox 1153 1655 1307 1710; x_wconf 88' lang='lat' dir='ltr'>intra</span> <span class='ocrx_word' id='word_1_107' title='bbox 1344 1653 1580 1721; x_wconf 80' lang='lat' dir='ltr'>eoeIOS,</span> <span class='ocrx_word' id='word_1_108' title='bbox 1629 1654 1759 1710; x_wconf 80' lang='lat' dir='ltr'>sive</span> <span class='ocrx_word' id='word_1_109' title='bbox 1798 1659 1968 1710; x_wconf 78' lang='lat' dir='ltr'>extra</span> <span class='ocrx_word' id='word_1_110' title='bbox 2002 1651 2171 1721; x_wconf 80' lang='lat' dir='ltr'>illos,</span> <span class='ocrx_word' id='word_1_111' title='bbox 2223 1651 2457 1710; x_wconf 83' lang='lat' dir='ltr'>lucent:</span> <span class='ocrx_word' id='word_1_112' title='bbox 2521 1652 2687 1710; x_wconf 87' lang='lat' dir='ltr'>Vera</span> 
     </span>
     <span class='ocr_line' id='line_1_14' title="bbox 574 1751 2688 1826; baseline -0.002 -14"><span class='ocrx_word' id='word_1_113' title='bbox 574 1762 777 1812; x_wconf 88' lang='lat' dir='ltr'>tamen</span> <span class='ocrx_word' id='word_1_114' title='bbox 814 1760 981 1812; x_wconf 86' lang='lat' dir='ltr'>extra</span> <span class='ocrx_word' id='word_1_115' title='bbox 1017 1753 1218 1812; x_wconf 85' lang='lat' dir='ltr'>coelos</span> <span class='ocrx_word' id='word_1_116' title='bbox 1256 1771 1371 1811; x_wconf 93' lang='lat' dir='ltr'>non</span> <span class='ocrx_word' id='word_1_117' title='bbox 1418 1753 1622 1812; x_wconf 85' lang='lat' dir='ltr'>lucent</span> <span class='ocrx_word' id='word_1_118' title='bbox 1670 1755 1825 1810; x_wconf 82' lang='lat' dir='ltr'>sicut</span> <span class='ocrx_word' id='word_1_119' title='bbox 1866 1751 2029 1810; x_wconf 85' lang='lat' dir='ltr'>Vera</span> <span class='ocrx_word' id='word_1_120' title='bbox 2064 1754 2219 1810; x_wconf 88' lang='lat' dir='ltr'>intra</span> <span class='ocrx_word' id='word_1_121' title='bbox 2256 1753 2457 1811; x_wconf 82' lang='lat' dir='ltr'>coelos</span> <span class='ocrx_word' id='word_1_122' title='bbox 2470 1772 2485 1826; x_wconf 82' lang='lat'>3</span> <span class='ocrx_word' id='word_1_123' title='bbox 2541 1769 2688 1809; x_wconf 84' lang='lat' dir='ltr'>vera</span> 
     </span>
     <span class='ocr_line' id='line_1_15' title="bbox 573 1852 2682 1930; baseline -0.001 -17"><span class='ocrx_word' id='word_1_124' title='bbox 573 1862 744 1913; x_wconf 79' lang='lat' dir='ltr'>extra</span> <span class='ocrx_word' id='word_1_125' title='bbox 809 1854 1011 1914; x_wconf 88' lang='lat' dir='ltr'>coelos</span> <span class='ocrx_word' id='word_1_126' title='bbox 1079 1853 1283 1912; x_wconf 80' lang='lat' dir='ltr'>lucent</span> <span class='ocrx_word' id='word_1_127' title='bbox 1344 1855 1590 1930; x_wconf 84' lang='lat' dir='ltr'>frigide,</span> <span class='ocrx_word' id='word_1_128' title='bbox 1664 1855 1819 1912; x_wconf 83' lang='lat' dir='ltr'>sieut</span> <span class='ocrx_word' id='word_1_129' title='bbox 1880 1855 2117 1911; x_wconf 89' lang='lat' dir='ltr'>niveum</span> <span class='ocrx_word' id='word_1_130' title='bbox 2175 1852 2403 1928; x_wconf 83' lang='lat' dir='ltr'>absque</span> <span class='ocrx_word' id='word_1_131' title='bbox 2464 1853 2682 1926; x_wconf 84' lang='lat' dir='ltr'>calore,</span> 
     </span>
     <span class='ocr_line' id='line_1_16' title="bbox 571 1942 2685 2032; baseline -0.001 -20"><span class='ocrx_word' id='word_1_132' title='bbox 571 1957 852 2032; x_wconf 88' lang='lat' dir='ltr'>quoniam</span> <span class='ocrx_word' id='word_1_133' title='bbox 886 1973 1004 2014; x_wconf 92' lang='lat' dir='ltr'>non</span> <span class='ocrx_word' id='word_1_134' title='bbox 1044 1958 1367 2014; x_wconf 83' lang='lat' dir='ltr'>essentiam</span> <span class='ocrx_word' id='word_1_135' title='bbox 1405 1955 1647 2013; x_wconf 89' lang='lat' dir='ltr'>trahunt</span> <span class='ocrx_word' id='word_1_136' title='bbox 1696 1972 1732 2011; x_wconf 90' lang='lat' dir='ltr'>a</span> <span class='ocrx_word' id='word_1_137' title='bbox 1777 1953 1933 2010; x_wconf 92' lang='lat' dir='ltr'>bono</span> <span class='ocrx_word' id='word_1_138' title='bbox 1988 1942 2489 2030; x_wconf 83' lang='lat' dir='ltr'>quemadmodum</span> <span class='ocrx_word' id='word_1_139' title='bbox 2534 1970 2685 2011; x_wconf 87' lang='lat' dir='ltr'>vera</span> 
     </span>
     <span class='ocr_line' id='line_1_17' title="bbox 566 2053 2684 2130; baseline -0.001 -16"><span class='ocrx_word' id='word_1_140' title='bbox 566 2058 724 2114; x_wconf 88' lang='lat' dir='ltr'>intra</span> <span class='ocrx_word' id='word_1_141' title='bbox 770 2056 1003 2130; x_wconf 81' lang='lat' dir='ltr'>coelos;</span> <span class='ocrx_word' id='word_1_142' title='bbox 1074 2073 1259 2130; x_wconf 87' lang='lat' dir='ltr'>quare</span> <span class='ocrx_word' id='word_1_143' title='bbox 1307 2058 1487 2114; x_wconf 90' lang='lat' dir='ltr'>etiam</span> <span class='ocrx_word' id='word_1_144' title='bbox 1540 2055 1643 2112; x_wconf 78' lang='lat' dir='ltr'>lux</span> <span class='ocrx_word' id='word_1_145' title='bbox 1683 2054 1789 2112; x_wconf 87' lang='lat' dir='ltr'>illa</span> <span class='ocrx_word' id='word_1_146' title='bbox 1839 2055 2052 2130; x_wconf 83' lang='lat' dir='ltr'>frigida</span> <span class='ocrx_word' id='word_1_147' title='bbox 2101 2055 2177 2111; x_wconf 91' lang='lat' dir='ltr'>ad</span> <span class='ocrx_word' id='word_1_148' title='bbox 2214 2055 2496 2130; x_wconf 84' lang='lat' dir='ltr'>illapsum</span> <span class='ocrx_word' id='word_1_149' title='bbox 2532 2053 2684 2113; x_wconf 84' lang='lat' dir='ltr'>lucis</span> 
     </span>
     <span class='ocr_line' id='line_1_18' title="bbox 569 2154 2683 2232; baseline -0.002 -17"><span class='ocrx_word' id='word_1_150' title='bbox 569 2156 756 2228; x_wconf 82' lang='lat' dir='ltr'>coeli,</span> <span class='ocrx_word' id='word_1_151' title='bbox 813 2157 1189 2232; x_wconf 84' lang='lat' dir='ltr'>disparatur,</span> <span class='ocrx_word' id='word_1_152' title='bbox 1245 2162 1305 2213; x_wconf 92' lang='lat' dir='ltr'>et</span> <span class='ocrx_word' id='word_1_153' title='bbox 1341 2157 1393 2213; x_wconf 87' lang='lat' dir='ltr'>si</span> <span class='ocrx_word' id='word_1_154' title='bbox 1428 2155 1651 2212; x_wconf 89' lang='lat' dir='ltr'>malum</span> <span class='ocrx_word' id='word_1_155' title='bbox 1689 2154 1928 2228; x_wconf 83' lang='lat' dir='ltr'>subest,</span> <span class='ocrx_word' id='word_1_156' title='bbox 1977 2157 2229 2213; x_wconf 83' lang='lat' dir='ltr'>vertitur</span> <span class='ocrx_word' id='word_1_157' title='bbox 2266 2158 2326 2213; x_wconf 92' lang='lat' dir='ltr'>in</span> <span class='ocrx_word' id='word_1_158' title='bbox 2364 2155 2683 2214; x_wconf 83' lang='lat' dir='ltr'>tenebras:</span> 
     </span>
     <span class='ocr_line' id='line_1_19' title="bbox 565 2255 2685 2332; baseline -0.001 -18"><span class='ocrx_word' id='word_1_159' title='bbox 565 2256 679 2314; x_wconf 85' lang='lat' dir='ltr'>hoc</span> <span class='ocrx_word' id='word_1_160' title='bbox 716 2256 1033 2331; x_wconf 85' lang='lat' dir='ltr'>aliquoties</span> <span class='ocrx_word' id='word_1_161' title='bbox 1069 2256 1223 2329; x_wconf 82' lang='lat' dir='ltr'>vidi,</span> <span class='ocrx_word' id='word_1_162' title='bbox 1282 2262 1342 2314; x_wconf 86' lang='lat' dir='ltr'>et</span> <span class='ocrx_word' id='word_1_163' title='bbox 1384 2256 1561 2332; x_wconf 88' lang='lat' dir='ltr'>plura</span> <span class='ocrx_word' id='word_1_164' title='bbox 1609 2255 1726 2313; x_wconf 89' lang='lat' dir='ltr'>alia</span> <span class='ocrx_word' id='word_1_165' title='bbox 1772 2255 2181 2314; x_wconf 87' lang='lat' dir='ltr'>memorabilia</span> <span class='ocrx_word' id='word_1_166' title='bbox 2231 2255 2304 2315; x_wconf 87' lang='lat' dir='ltr'>de</span> <span class='ocrx_word' id='word_1_167' title='bbox 2344 2256 2685 2315; x_wconf 84' lang='lat' dir='ltr'>lucent-ibus</span> 
     </span>
     <span class='ocr_line' id='line_1_20' title="bbox 570 2355 1623 2433; baseline -0.001 -19"><span class='ocrx_word' id='word_1_168' title='bbox 570 2355 777 2433; x_wconf 83' lang='lat' dir='ltr'>Veris,</span> <span class='ocrx_word' id='word_1_169' title='bbox 818 2373 972 2432; x_wconf 86' lang='lat' dir='ltr'>quae</span> <span class='ocrx_word' id='word_1_170' title='bbox 1007 2356 1102 2414; x_wconf 83' lang='lat' dir='ltr'>hic</span> <span class='ocrx_word' id='word_1_171' title='bbox 1141 2362 1623 2433; x_wconf 86' lang='lat' dir='ltr'>praetereuntur.</span> 
     </span>
    </p>

    <p class='ocr_par' dir='ltr' id='par_1_4' title="bbox 562 2456 2690 3543">
     <span class='ocr_line' id='line_1_21' title="bbox 730 2456 2690 2534; baseline 0.001 -18"><span class='ocrx_word' id='word_1_172' title='bbox 730 2459 891 2517; x_wconf 86' lang='lat'><strong>133.</strong></span> <span class='ocrx_word' id='word_1_173' title='bbox 958 2457 1131 2516; x_wconf 72' lang='lat' dir='ltr'>Nunc</span> <span class='ocrx_word' id='word_1_174' title='bbox 1175 2457 1396 2534; x_wconf 89' lang='lat' dir='ltr'>aliquid</span> <span class='ocrx_word' id='word_1_175' title='bbox 1437 2458 1510 2516; x_wconf 91' lang='lat' dir='ltr'>de</span> <span class='ocrx_word' id='word_1_176' title='bbox 1553 2457 1766 2517; x_wconf 85' lang='lat' dir='ltr'>Calore</span> <span class='ocrx_word' id='word_1_177' title='bbox 1805 2460 1959 2518; x_wconf 83' lang='lat' dir='ltr'>coeli</span> <span class='ocrx_word' id='word_1_178' title='bbox 1998 2458 2261 2530; x_wconf 85' lang='lat' dir='ltr'>dicetur,</span> <span class='ocrx_word' id='word_1_179' title='bbox 2316 2456 2495 2516; x_wconf 83' lang='lat' dir='ltr'>Calor</span> <span class='ocrx_word' id='word_1_180' title='bbox 2534 2459 2690 2517; x_wconf 85' lang='lat' dir='ltr'>coeli</span> 
     </span>
     <span class='ocr_line' id='line_1_22' title="bbox 566 2556 2684 2636; baseline 0 -18"><span class='ocrx_word' id='word_1_181' title='bbox 566 2564 628 2618; x_wconf 90' lang='lat' dir='ltr'>in</span> <span class='ocrx_word' id='word_1_182' title='bbox 686 2577 799 2619; x_wconf 84' lang='lat' dir='ltr'>sua</span> <span class='ocrx_word' id='word_1_183' title='bbox 837 2562 1101 2618; x_wconf 81' lang='lat' dir='ltr'>essentia</span> <span class='ocrx_word' id='word_1_184' title='bbox 1148 2566 1240 2619; x_wconf 87' lang='lat' dir='ltr'>est</span> <span class='ocrx_word' id='word_1_185' title='bbox 1294 2577 1486 2636; x_wconf 67' lang='lat' dir='ltr'>amor-3</span> <span class='ocrx_word' id='word_1_186' title='bbox 1542 2560 1814 2636; x_wconf 85' lang='lat' dir='ltr'>procedit</span> <span class='ocrx_word' id='word_1_187' title='bbox 1860 2561 1963 2620; x_wconf 87' lang='lat' dir='ltr'>ille</span> <span class='ocrx_word' id='word_1_188' title='bbox 2015 2577 2051 2616; x_wconf 89' lang='lat' dir='ltr'>a</span> <span class='ocrx_word' id='word_1_189' title='bbox 2095 2557 2353 2619; x_wconf 90' lang='lat' dir='ltr'>Domino</span> <span class='ocrx_word' id='word_1_190' title='bbox 2404 2565 2470 2616; x_wconf 89' lang='lat' dir='ltr'>ut</span> <span class='ocrx_word' id='word_1_191' title='bbox 2521 2556 2684 2630; x_wconf 83' lang='lat' dir='ltr'>Sole,</span> 
     </span>
     <span class='ocr_line' id='line_1_23' title="bbox 566 2659 2681 2738; baseline 0 -19"><span class='ocrx_word' id='word_1_192' title='bbox 566 2664 669 2738; x_wconf 88' lang='lat' dir='ltr'>qui</span> <span class='ocrx_word' id='word_1_193' title='bbox 708 2660 867 2736; x_wconf 89' lang='lat' dir='ltr'>quod</span> <span class='ocrx_word' id='word_1_194' title='bbox 901 2663 979 2719; x_wconf 82' lang='lat' dir='ltr'>sit</span> <span class='ocrx_word' id='word_1_195' title='bbox 1019 2661 1274 2718; x_wconf 82' lang='lat' dir='ltr'>Divinus</span> <span class='ocrx_word' id='word_1_196' title='bbox 1316 2661 1503 2720; x_wconf 90' lang='lat' dir='ltr'>Amor</span> <span class='ocrx_word' id='word_1_197' title='bbox 1535 2663 1594 2719; x_wconf 92' lang='lat' dir='ltr'>in</span> <span class='ocrx_word' id='word_1_198' title='bbox 1634 2661 1893 2721; x_wconf 92' lang='lat' dir='ltr'>Domino</span> <span class='ocrx_word' id='word_1_199' title='bbox 1933 2667 1993 2721; x_wconf 88' lang='lat' dir='ltr'>et</span> <span class='ocrx_word' id='word_1_200' title='bbox 2032 2678 2068 2717; x_wconf 86' lang='lat' dir='ltr'>a</span> <span class='ocrx_word' id='word_1_201' title='bbox 2105 2659 2365 2719; x_wconf 88' lang='lat' dir='ltr'>Domino</span> <span class='ocrx_word' id='word_1_202' title='bbox 2407 2662 2466 2717; x_wconf 91' lang='lat' dir='ltr'>in</span> <span class='ocrx_word' id='word_1_203' title='bbox 2497 2677 2681 2737; x_wconf 88' lang='lat' dir='ltr'>prae-</span> 
     </span>
     <span class='ocr_line' id='line_1_24' title="bbox 562 2760 2684 2839; baseline -0 -19"><span class='ocrx_word' id='word_1_204' title='bbox 562 2761 816 2821; x_wconf 72' lang='lat' dir='ltr'>cedente</span> <span class='ocrx_word' id='word_1_205' title='bbox 861 2760 1133 2819; x_wconf 86' lang='lat' dir='ltr'>Articulo</span> <span class='ocrx_word' id='word_1_206' title='bbox 1182 2768 1488 2819; x_wconf 82' lang='lat' dir='ltr'>ostensum</span> <span class='ocrx_word' id='word_1_207' title='bbox 1541 2760 1844 2839; x_wconf 83' lang='lat' dir='ltr'>videatur3</span> <span class='ocrx_word' id='word_1_208' title='bbox 1898 2763 2034 2821; x_wconf 89' lang='lat' dir='ltr'>inde</span> <span class='ocrx_word' id='word_1_209' title='bbox 2077 2766 2247 2836; x_wconf 87' lang='lat' dir='ltr'>patet</span> <span class='ocrx_word' id='word_1_210' title='bbox 2297 2761 2456 2836; x_wconf 89' lang='lat' dir='ltr'>quod</span> <span class='ocrx_word' id='word_1_211' title='bbox 2504 2760 2684 2820; x_wconf 86' lang='lat' dir='ltr'>Calor</span> 
     </span>
     <span class='ocr_line' id='line_1_25' title="bbox 565 2860 2678 2938; baseline -0.001 -17"><span class='ocrx_word' id='word_1_212' title='bbox 565 2862 748 2936; x_wconf 83' lang='lat' dir='ltr'>coeli,</span> <span class='ocrx_word' id='word_1_213' title='bbox 807 2878 998 2935; x_wconf 86' lang='lat' dir='ltr'>aeque</span> <span class='ocrx_word' id='word_1_214' title='bbox 1035 2860 1362 2936; x_wconf 85' lang='lat' dir='ltr'>spiritualis</span> <span class='ocrx_word' id='word_1_215' title='bbox 1400 2863 1477 2918; x_wconf 86' lang='lat' dir='ltr'>sit</span> <span class='ocrx_word' id='word_1_216' title='bbox 1515 2878 1583 2918; x_wconf 87' lang='lat' dir='ltr'>ac</span> <span class='ocrx_word' id='word_1_217' title='bbox 1619 2861 1754 2919; x_wconf 79' lang='lat' dir='ltr'>Lux</span> <span class='ocrx_word' id='word_1_218' title='bbox 1792 2863 1971 2938; x_wconf 88' lang='lat' dir='ltr'>coeli,</span> <span class='ocrx_word' id='word_1_219' title='bbox 2029 2863 2169 2937; x_wconf 87' lang='lat' dir='ltr'>quia</span> <span class='ocrx_word' id='word_1_220' title='bbox 2206 2878 2277 2918; x_wconf 84' lang='lat' dir='ltr'>ex</span> <span class='ocrx_word' id='word_1_221' title='bbox 2319 2863 2528 2921; x_wconf 87' lang='lat' dir='ltr'>eadem</span> <span class='ocrx_word' id='word_1_222' title='bbox 2558 2864 2678 2920; x_wconf 87' lang='lat' dir='ltr'>ori-</span> 
     </span>
     <span class='ocr_line' id='line_1_26' title="bbox 562 2956 2680 3039; baseline 0.001 -21"><span class='ocrx_word' id='word_1_223' title='bbox 562 2964 699 3037; x_wconf 86' lang='lat' dir='ltr'>gine</span> <span class='ocrx_word' id='word_1_224' title='bbox 741 2967 832 3019; x_wconf 88' lang='lat' dir='ltr'>est</span> <span class='ocrx_word' id='word_1_225' title='bbox 873 2956 1020 3039; x_wconf 80' lang='lat' dir='ltr'>(nn).</span> <span class='ocrx_word' id='word_1_226' title='bbox 1105 2959 1257 3019; x_wconf 84' lang='lat' dir='ltr'>Sunt</span> <span class='ocrx_word' id='word_1_227' title='bbox 1298 2959 1415 3017; x_wconf 87' lang='lat' dir='ltr'>dno</span> <span class='ocrx_word' id='word_1_228' title='bbox 1463 2977 1618 3035; x_wconf 89' lang='lat' dir='ltr'>quae</span> <span class='ocrx_word' id='word_1_229' title='bbox 1654 2964 1986 3037; x_wconf 80' lang='lat' dir='ltr'>procedunt</span> <span class='ocrx_word' id='word_1_230' title='bbox 2034 2980 2071 3019; x_wconf 89' lang='lat' dir='ltr'>a</span> <span class='ocrx_word' id='word_1_231' title='bbox 2118 2961 2375 3020; x_wconf 88' lang='lat' dir='ltr'>Domino</span> <span class='ocrx_word' id='word_1_232' title='bbox 2412 2969 2479 3020; x_wconf 87' lang='lat' dir='ltr'>ut</span> <span class='ocrx_word' id='word_1_233' title='bbox 2518 2963 2680 3037; x_wconf 75' lang='lat' dir='ltr'>Sole,</span> 
     </span>
     <span class='ocr_line' id='line_1_27' title="bbox 562 3059 2679 3137; baseline 0.001 -18"><span class='ocrx_word' id='word_1_234' title='bbox 562 3062 850 3119; x_wconf 90' lang='lat' dir='ltr'>Divinum</span> <span class='ocrx_word' id='word_1_235' title='bbox 888 3059 1116 3118; x_wconf 89' lang='lat' dir='ltr'>Verum</span> <span class='ocrx_word' id='word_1_236' title='bbox 1159 3066 1218 3118; x_wconf 89' lang='lat' dir='ltr'>et</span> <span class='ocrx_word' id='word_1_237' title='bbox 1257 3059 1542 3118; x_wconf 90' lang='lat' dir='ltr'>Divinum</span> <span class='ocrx_word' id='word_1_238' title='bbox 1591 3060 1853 3137; x_wconf 83' lang='lat' dir='ltr'>Bonum,</span> <span class='ocrx_word' id='word_1_239' title='bbox 1912 3064 2196 3122; x_wconf 87' lang='lat' dir='ltr'>Divinum</span> <span class='ocrx_word' id='word_1_240' title='bbox 2240 3062 2468 3122; x_wconf 88' lang='lat' dir='ltr'>Verum</span> <span class='ocrx_word' id='word_1_241' title='bbox 2511 3065 2679 3122; x_wconf 81' lang='lat' dir='ltr'>sisti-</span> 
     </span>
     <span class='ocr_line' id='line_1_28' title="bbox 564 3160 2679 3240; baseline 0.002 -21"><span class='ocrx_word' id='word_1_242' title='bbox 564 3169 662 3219; x_wconf 89' lang='lat' dir='ltr'>tur</span> <span class='ocrx_word' id='word_1_243' title='bbox 699 3163 759 3219; x_wconf 91' lang='lat' dir='ltr'>in</span> <span class='ocrx_word' id='word_1_244' title='bbox 805 3160 1003 3219; x_wconf 85' lang='lat' dir='ltr'>Coelis</span> <span class='ocrx_word' id='word_1_245' title='bbox 1039 3166 1106 3218; x_wconf 88' lang='lat' dir='ltr'>ut</span> <span class='ocrx_word' id='word_1_246' title='bbox 1133 3160 1291 3236; x_wconf 81' lang='lat' dir='ltr'>Lux,</span> <span class='ocrx_word' id='word_1_247' title='bbox 1353 3167 1413 3218; x_wconf 92' lang='lat' dir='ltr'>et</span> <span class='ocrx_word' id='word_1_248' title='bbox 1457 3161 1745 3220; x_wconf 89' lang='lat' dir='ltr'>Divinum</span> <span class='ocrx_word' id='word_1_249' title='bbox 1778 3163 2012 3222; x_wconf 90' lang='lat' dir='ltr'>Bonum</span> <span class='ocrx_word' id='word_1_250' title='bbox 2049 3169 2115 3221; x_wconf 91' lang='lat' dir='ltr'>ut</span> <span class='ocrx_word' id='word_1_251' title='bbox 2152 3161 2362 3240; x_wconf 82' lang='lat' dir='ltr'>Calor3</span> <span class='ocrx_word' id='word_1_252' title='bbox 2419 3164 2529 3223; x_wconf 83' lang='lat' dir='ltr'>sed</span> <span class='ocrx_word' id='word_1_253' title='bbox 2562 3164 2679 3223; x_wconf 86' lang='lat' dir='ltr'>Di-</span> 
     </span>
     <span class='ocr_line' id='line_1_29' title="bbox 562 3261 2682 3333; baseline 0.002 -15"><span class='ocrx_word' id='word_1_254' title='bbox 562 3264 765 3319; x_wconf 87' lang='lat' dir='ltr'>vinum</span> <span class='ocrx_word' id='word_1_255' title='bbox 801 3261 1030 3319; x_wconf 90' lang='lat' dir='ltr'>Verum</span> <span class='ocrx_word' id='word_1_256' title='bbox 1074 3268 1134 3321; x_wconf 90' lang='lat' dir='ltr'>et</span> <span class='ocrx_word' id='word_1_257' title='bbox 1171 3262 1456 3320; x_wconf 90' lang='lat' dir='ltr'>Divinum</span> <span class='ocrx_word' id='word_1_258' title='bbox 1483 3262 1719 3321; x_wconf 90' lang='lat' dir='ltr'>Bonum</span> <span class='ocrx_word' id='word_1_259' title='bbox 1754 3265 1839 3322; x_wconf 89' lang='lat' dir='ltr'>ita</span> <span class='ocrx_word' id='word_1_260' title='bbox 1872 3268 2041 3323; x_wconf 89' lang='lat' dir='ltr'>unita</span> <span class='ocrx_word' id='word_1_261' title='bbox 2074 3269 2248 3333; x_wconf 86' lang='lat' dir='ltr'>sunt,</span> <span class='ocrx_word' id='word_1_262' title='bbox 2298 3271 2364 3322; x_wconf 91' lang='lat' dir='ltr'>ut</span> <span class='ocrx_word' id='word_1_263' title='bbox 2398 3283 2517 3323; x_wconf 92' lang='lat' dir='ltr'>non</span> <span class='ocrx_word' id='word_1_264' title='bbox 2562 3266 2682 3322; x_wconf 83' lang='lat' dir='ltr'>sint</span> 
     </span>
     <span class='ocr_line' id='line_1_30' title="bbox 564 3362 2682 3441; baseline 0 -20"><span class='ocrx_word' id='word_1_265' title='bbox 564 3364 712 3435; x_wconf 93' lang='lat' dir='ltr'>duo,</span> <span class='ocrx_word' id='word_1_266' title='bbox 751 3362 860 3423; x_wconf 87' lang='lat' dir='ltr'>sed</span> <span class='ocrx_word' id='word_1_267' title='bbox 899 3380 1112 3438; x_wconf 87' lang='lat' dir='ltr'>unum3</span> <span class='ocrx_word' id='word_1_268' title='bbox 1169 3369 1232 3420; x_wconf 87' lang='lat' dir='ltr'>at</span> <span class='ocrx_word' id='word_1_269' title='bbox 1267 3379 1458 3438; x_wconf 85' lang='lat' dir='ltr'>usque</span> <span class='ocrx_word' id='word_1_270' title='bbox 1498 3363 1661 3439; x_wconf 86' lang='lat' dir='ltr'>apud</span> <span class='ocrx_word' id='word_1_271' title='bbox 1698 3365 1962 3441; x_wconf 84' lang='lat' dir='ltr'>Angelos</span> <span class='ocrx_word' id='word_1_272' title='bbox 2008 3371 2295 3439; x_wconf 84' lang='lat' dir='ltr'>separata</span> <span class='ocrx_word' id='word_1_273' title='bbox 2333 3372 2501 3440; x_wconf 83' lang='lat' dir='ltr'>sunt,</span> <span class='ocrx_word' id='word_1_274' title='bbox 2541 3371 2682 3423; x_wconf 80' lang='lat' dir='ltr'>sunt</span> 
     </span>
     <span class='ocr_line' id='line_1_31' title="bbox 565 3463 2682 3543; baseline 0.001 -22"><span class='ocrx_word' id='word_1_275' title='bbox 565 3467 720 3523; x_wconf 89' lang='lat' dir='ltr'>enim</span> <span class='ocrx_word' id='word_1_276' title='bbox 754 3464 973 3541; x_wconf 78' lang='lat' dir='ltr'>Ange-li</span> <span class='ocrx_word' id='word_1_277' title='bbox 1012 3467 1113 3540; x_wconf 92' lang='lat' dir='ltr'>qui</span> <span class='ocrx_word' id='word_1_278' title='bbox 1164 3464 1450 3522; x_wconf 83' lang='lat' dir='ltr'>Divinum</span> <span class='ocrx_word' id='word_1_279' title='bbox 1485 3463 1719 3522; x_wconf 89' lang='lat' dir='ltr'>Bonum</span> <span class='ocrx_word' id='word_1_280' title='bbox 1765 3468 2067 3543; x_wconf 89' lang='lat' dir='ltr'>recipiunt</span> <span class='ocrx_word' id='word_1_281' title='bbox 2107 3467 2245 3542; x_wconf 86' lang='lat' dir='ltr'>plus</span> <span class='ocrx_word' id='word_1_282' title='bbox 2285 3483 2464 3541; x_wconf 90' lang='lat' dir='ltr'>quam</span> <span class='ocrx_word' id='word_1_283' title='bbox 2504 3466 2682 3523; x_wconf 85' lang='lat' dir='ltr'>Divi-</span> 
     </span>
    </p>
   </div>
   <div class='ocr_carea' id='block_1_3' title="bbox 584 3618 988 3629">
    <p class='ocr_par' dir='ltr' id='par_1_5' title="bbox 584 3618 988 3629">
     <span class='ocr_line' id='line_1_32' title="bbox 584 3618 988 3629; baseline 0 0"><span class='ocrx_word' id='word_1_284' title='bbox 584 3618 988 3629; x_wconf 95' lang='lat' dir='ltr'> </span> 
     </span>
    </p>
   </div>
   <div class='ocr_carea' id='block_1_4' title="bbox 562 3676 2682 4277">
    <p class='ocr_par' dir='ltr' id='par_1_6' title="bbox 563 3676 2681 3963">
     <span class='ocr_line' id='line_1_33' title="bbox 718 3676 2681 3749; baseline 0.001 -22"><span class='ocrx_word' id='word_1_285' title='bbox 718 3677 886 3741; x_wconf 87' lang='lat' dir='ltr'>(mm)</span> <span class='ocrx_word' id='word_1_286' title='bbox 932 3676 1101 3749; x_wconf 84' lang='lat' dir='ltr'>Quod</span> <span class='ocrx_word' id='word_1_287' title='bbox 1139 3676 1247 3739; x_wconf 87' lang='lat' dir='ltr'>illi,</span> <span class='ocrx_word' id='word_1_288' title='bbox 1294 3677 1390 3748; x_wconf 89' lang='lat' dir='ltr'>qui</span> <span class='ocrx_word' id='word_1_289' title='bbox 1438 3677 1495 3729; x_wconf 89' lang='lat' dir='ltr'>in</span> <span class='ocrx_word' id='word_1_290' title='bbox 1532 3676 1777 3730; x_wconf 86' lang='lat' dir='ltr'>infernis</span> <span class='ocrx_word' id='word_1_291' title='bbox 1805 3688 1955 3742; x_wconf 84' lang='lat' dir='ltr'>sunt,</span> <span class='ocrx_word' id='word_1_292' title='bbox 2001 3678 2058 3729; x_wconf 88' lang='lat' dir='ltr'>in</span> <span class='ocrx_word' id='word_1_293' title='bbox 2101 3695 2205 3730; x_wconf 90' lang='lat' dir='ltr'>suo</span> <span class='ocrx_word' id='word_1_294' title='bbox 2242 3677 2477 3741; x_wconf 85' lang='lat' dir='ltr'>lumine,</span> <span class='ocrx_word' id='word_1_295' title='bbox 2522 3676 2681 3749; x_wconf 88' lang='lat' dir='ltr'>quod</span> 
     </span>
     <span class='ocr_line' id='line_1_34' title="bbox 563 3751 2680 3825; baseline 0 -21"><span class='ocrx_word' id='word_1_296' title='bbox 563 3761 650 3804; x_wconf 82' lang='lat' dir='ltr'>est</span> <span class='ocrx_word' id='word_1_297' title='bbox 693 3751 883 3803; x_wconf 86' lang='lat' dir='ltr'>lumen</span> <span class='ocrx_word' id='word_1_298' title='bbox 927 3753 1075 3804; x_wconf 83' lang='lat' dir='ltr'>sicut</span> <span class='ocrx_word' id='word_1_299' title='bbox 1110 3770 1173 3804; x_wconf 84' lang='lat' dir='ltr'>ex</span> <span class='ocrx_word' id='word_1_300' title='bbox 1220 3752 1416 3823; x_wconf 82' lang='lat' dir='ltr'>ignitis</span> <span class='ocrx_word' id='word_1_301' title='bbox 1460 3752 1836 3817; x_wconf 79' lang='lat' dir='ltr'>carbonibus,</span> <span class='ocrx_word' id='word_1_302' title='bbox 1882 3764 2198 3825; x_wconf 82' lang='lat' dir='ltr'>appareant</span> <span class='ocrx_word' id='word_1_303' title='bbox 2238 3753 2348 3806; x_wconf 89' lang='lat' dir='ltr'>sibi</span> <span class='ocrx_word' id='word_1_304' title='bbox 2394 3753 2540 3805; x_wconf 83' lang='lat' dir='ltr'>sicut</span> <span class='ocrx_word' id='word_1_305' title='bbox 2580 3754 2680 3805; x_wconf 91' lang='lat' dir='ltr'>ho-</span> 
     </span>
     <span class='ocr_line' id='line_1_35' title="bbox 564 3826 2678 3893; baseline 0.001 -15"><span class='ocrx_word' id='word_1_306' title='bbox 564 3826 778 3887; x_wconf 86' lang='lat' dir='ltr'>mines,</span> <span class='ocrx_word' id='word_1_307' title='bbox 838 3826 934 3879; x_wconf 85' lang='lat' dir='ltr'>sed</span> <span class='ocrx_word' id='word_1_308' title='bbox 980 3827 1037 3878; x_wconf 90' lang='lat' dir='ltr'>in</span> <span class='ocrx_word' id='word_1_309' title='bbox 1080 3828 1208 3880; x_wconf 85' lang='lat' dir='ltr'>luce</span> <span class='ocrx_word' id='word_1_310' title='bbox 1251 3829 1399 3881; x_wconf 87' lang='lat' dir='ltr'>coeli</span> <span class='ocrx_word' id='word_1_311' title='bbox 1445 3828 1595 3881; x_wconf 84' lang='lat' dir='ltr'>sicut</span> <span class='ocrx_word' id='word_1_312' title='bbox 1634 3838 1922 3893; x_wconf 85' lang='lat' dir='ltr'>monstra,</span> <span class='ocrx_word' id='word_1_313' title='bbox 1967 3848 2033 3881; x_wconf 88' lang='lat' dir='ltr'>n:</span> <span class='ocrx_word' id='word_1_314' title='bbox 2078 3837 2248 3890; x_wconf 76' lang='lat'><strong>4532.</strong></span> <span class='ocrx_word' id='word_1_315' title='bbox 2293 3837 2460 3889; x_wconf 81' lang='grc'><strong>4533.</strong></span> <span class='ocrx_word' id='word_1_316' title='bbox 2505 3835 2678 3889; x_wconf 68' lang='lat'>4671·-</span> 
     </span>
     <span class='ocr_line' id='line_1_36' title="bbox 564 3909 1370 3963; baseline -0.002 -1"><span class='ocrx_word' id='word_1_317' title='bbox 564 3909 731 3962; x_wconf 81' lang='lat'><strong>5057·</strong></span> <span class='ocrx_word' id='word_1_318' title='bbox 776 3909 945 3961; x_wconf 89' lang='grc'><strong>5058.</strong></span> <span class='ocrx_word' id='word_1_319' title='bbox 990 3911 1156 3963; x_wconf 87' lang='grc'><strong>6605.</strong></span> <span class='ocrx_word' id='word_1_320' title='bbox 1201 3910 1370 3963; x_wconf 79' lang='grc'><strong>6626.</strong></span> 
     </span>
    </p>

    <p class='ocr_par' dir='ltr' id='par_1_7' title="bbox 562 3975 2682 4277">
     <span class='ocr_line' id='line_1_37' title="bbox 719 3975 2679 4053; baseline 0.001 -24"><span class='ocrx_word' id='word_1_321' title='bbox 719 3979 850 4043; x_wconf 83' lang='lat' dir='ltr'>(nn)</span> <span class='ocrx_word' id='word_1_322' title='bbox 914 3975 1078 4040; x_wconf 83' lang='lat' dir='ltr'>Quod</span> <span class='ocrx_word' id='word_1_323' title='bbox 1118 3977 1291 4030; x_wconf 87' lang='lat' dir='ltr'>binae</span> <span class='ocrx_word' id='word_1_324' title='bbox 1335 3977 1592 4049; x_wconf 84' lang='lat' dir='ltr'>origines</span> <span class='ocrx_word' id='word_1_325' title='bbox 1635 3980 1847 4032; x_wconf 84' lang='lat' dir='ltr'>caloris</span> <span class='ocrx_word' id='word_1_326' title='bbox 1901 3979 2043 4042; x_wconf 86' lang='lat' dir='ltr'>sint,</span> <span class='ocrx_word' id='word_1_327' title='bbox 2119 3990 2175 4033; x_wconf 89' lang='lat' dir='ltr'>et</span> <span class='ocrx_word' id='word_1_328' title='bbox 2228 3996 2463 4053; x_wconf 84' lang='lat' dir='ltr'>quoque</span> <span class='ocrx_word' id='word_1_329' title='bbox 2503 3978 2679 4031; x_wconf 84' lang='lat' dir='ltr'>binae</span> 
     </span>
     <span class='ocr_line' id='line_1_38' title="bbox 564 4052 2676 4123; baseline 0 -19"><span class='ocrx_word' id='word_1_330' title='bbox 564 4052 824 4123; x_wconf 84' lang='lat' dir='ltr'>origines</span> <span class='ocrx_word' id='word_1_331' title='bbox 871 4052 1050 4114; x_wconf 83' lang='lat' dir='ltr'>lucis,</span> <span class='ocrx_word' id='word_1_332' title='bbox 1096 4070 1162 4105; x_wconf 81' lang='lat' dir='ltr'>ex</span> <span class='ocrx_word' id='word_1_333' title='bbox 1205 4054 1326 4105; x_wconf 85' lang='lat' dir='ltr'>sole</span> <span class='ocrx_word' id='word_1_334' title='bbox 1361 4053 1558 4106; x_wconf 85' lang='lat' dir='ltr'>mundi</span> <span class='ocrx_word' id='word_1_335' title='bbox 1608 4065 1665 4107; x_wconf 85' lang='lat' dir='ltr'>et</span> <span class='ocrx_word' id='word_1_336' title='bbox 1703 4073 1770 4108; x_wconf 83' lang='lat' dir='ltr'>ex</span> <span class='ocrx_word' id='word_1_337' title='bbox 1812 4055 1934 4108; x_wconf 86' lang='lat' dir='ltr'>sole</span> <span class='ocrx_word' id='word_1_338' title='bbox 1973 4055 2154 4119; x_wconf 86' lang='lat' dir='ltr'>coeli,</span> <span class='ocrx_word' id='word_1_339' title='bbox 2199 4073 2268 4107; x_wconf 87' lang='lat' dir='ltr'>n:</span> <span class='ocrx_word' id='word_1_340' title='bbox 2307 4063 2473 4115; x_wconf 88' lang='grc'><strong>3338.</strong></span> <span class='ocrx_word' id='word_1_341' title='bbox 2505 4062 2676 4114; x_wconf 76' lang='lat'><strong>5215.</strong></span> 
     </span>
     <span class='ocr_line' id='line_1_39' title="bbox 565 4126 2678 4203; baseline 0 -22"><span class='ocrx_word' id='word_1_342' title='bbox 565 4136 733 4191; x_wconf 76' lang='grc'><strong>7324.</strong></span> <span class='ocrx_word' id='word_1_343' title='bbox 817 4126 984 4193; x_wconf 83' lang='lat' dir='ltr'>Quod</span> <span class='ocrx_word' id='word_1_344' title='bbox 1026 4128 1202 4180; x_wconf 88' lang='lat' dir='ltr'>Calor</span> <span class='ocrx_word' id='word_1_345' title='bbox 1231 4129 1549 4201; x_wconf 35' lang='lat' dir='ltr'>aoDomino</span> <span class='ocrx_word' id='word_1_346' title='bbox 1591 4141 1657 4182; x_wconf 90' lang='lat' dir='ltr'>ut</span> <span class='ocrx_word' id='word_1_347' title='bbox 1697 4131 1836 4185; x_wconf 89' lang='lat' dir='ltr'>Sole</span> <span class='ocrx_word' id='word_1_348' title='bbox 1878 4132 1952 4184; x_wconf 85' lang='lat' dir='ltr'>sit</span> <span class='ocrx_word' id='word_1_349' title='bbox 1983 4132 2216 4184; x_wconf 86' lang='lat' dir='ltr'>affectio</span> <span class='ocrx_word' id='word_1_350' title='bbox 2252 4148 2399 4203; x_wconf 86' lang='lat' dir='ltr'>quae</span> <span class='ocrx_word' id='word_1_351' title='bbox 2441 4131 2678 4193; x_wconf 60' lang='lat' dir='ltr'>amoris„</span> 
     </span>
     <span class='ocr_line' id='line_1_40' title="bbox 562 4203 2682 4277; baseline 0.001 -22"><span class='ocrx_word' id='word_1_352' title='bbox 562 4223 630 4256; x_wconf 83' lang='lat' dir='ltr'>n:</span> <span class='ocrx_word' id='word_1_353' title='bbox 677 4213 846 4264; x_wconf 79' lang='grc'><strong>3636,</strong></span> <span class='ocrx_word' id='word_1_354' title='bbox 897 4211 1064 4264; x_wconf 75' lang='grc'><strong>3643.</strong></span> <span class='ocrx_word' id='word_1_355' title='bbox 1144 4203 1287 4257; x_wconf 91' lang='lat' dir='ltr'>Inde</span> <span class='ocrx_word' id='word_1_356' title='bbox 1329 4205 1487 4276; x_wconf 83' lang='lat' dir='ltr'>quod</span> <span class='ocrx_word' id='word_1_357' title='bbox 1530 4206 1693 4258; x_wconf 83' lang='lat' dir='ltr'>eal&#39;or</span> <span class='ocrx_word' id='word_1_358' title='bbox 1726 4207 2046 4277; x_wconf 82' lang='lat' dir='ltr'>spiritualis</span> <span class='ocrx_word' id='word_1_359' title='bbox 2089 4208 2163 4261; x_wconf 85' lang='lat' dir='ltr'>sit</span> <span class='ocrx_word' id='word_1_360' title='bbox 2207 4208 2264 4259; x_wconf 89' lang='lat' dir='ltr'>in</span> <span class='ocrx_word' id='word_1_361' title='bbox 2307 4206 2550 4260; x_wconf 85' lang='lat' dir='ltr'>essentia</span> <span class='ocrx_word' id='word_1_362' title='bbox 2580 4222 2682 4258; x_wconf 73' lang='lat' dir='ltr'>sua</span> 
     </span>
    </p>
   </div>
   <div class='ocr_carea' id='block_1_5' title="bbox 561 4287 1713 4346">
    <p class='ocr_par' dir='ltr' id='par_1_8' title="bbox 561 4287 1713 4346">
     <span class='ocr_line' id='line_1_41' title="bbox 561 4287 1713 4346; baseline 0.007 -11"><span class='ocrx_word' id='word_1_363' title='bbox 561 4299 760 4346; x_wconf 65' lang='lat' dir='ltr'>arnor,</span> <span class='ocrx_word' id='word_1_364' title='bbox 807 4298 870 4333; x_wconf 84' lang='lat' dir='ltr'>n:</span> <span class='ocrx_word' id='word_1_365' title='bbox 917 4287 1084 4341; x_wconf 78' lang='lat'>2146-</span> <span class='ocrx_word' id='word_1_366' title='bbox 1126 4287 1295 4341; x_wconf 86' lang='lat'><strong>3338.</strong></span> <span class='ocrx_word' id='word_1_367' title='bbox 1336 4289 1500 4342; x_wconf 83' lang='lat'><strong>3339·</strong></span> <span class='ocrx_word' id='word_1_368' title='bbox 1549 4290 1713 4344; x_wconf 83' lang='lat'><strong>6314·</strong></span> 
     </span>
    </p>
   </div>
  </div>
 </body>
</html>
