3013 5114
626 417 723 471 DE
768 414 1236 474 SAPIENTIBUS
1279 417 1372 473 ET
1414 417 1857 477 SIMPLICIBUS
1896 423 1965 475 IN
2011 423 2264 480 COELO.
2398 438 2504 489 197

384 577 487 637 vel
521 582 771 654 propter
806 577 1058 655 gloriam
1085 580 1144 638 in
1182 579 1378 656 coelo,
1425 579 1513 639 illi
1544 598 1662 639 non
1696 581 1899 642 lucere
1935 591 2190 660 possunt
2224 587 2284 644 in
2312 588 2503 662 coele,

388 680 667 756 quoniam
704 697 822 737 non
869 678 1244 738 delectantur
1293 688 1352 739 et
1404 679 1742 741 afficiuntur
1775 683 1911 761 ipsa
1945 684 2109 745 Luce
2159 685 2340 763 coeli,
2396 688 2507 747 sed

384 781 520 840 luce
557 779 789 853 mundi,
850 786 910 840 et
949 781 1101 839 haee
1137 781 1242 838 lux
1280 781 1509 856 absque
1551 781 1658 840 illa
1702 785 1763 840 in
1800 783 1983 843 Coelo
2022 793 2114 844 est
2156 804 2320 846 mera
2356 787 2502 848 cali-

387 898 464 958 go
503 877 597 962 (tt)
616 901 633 956 3
673 880 864 957 gloria
903 883 1058 939 enim
1095 884 1188 941 sui
1222 882 1736 958 praedominatur,
1787 886 1928 960 quia
1964 892 2058 945 est
2090 886 2222 946 finis
2258 896 2506 966 propter

390 999 602 1058 quem,
655 987 878 1041 etcum
913 981 1019 1039 illa
1055 982 1244 1058 gloria
1287 990 1379 1042 est
1413 982 1574 1055 finis,
1620 990 1769 1043 tunt:¹
1795 987 1926 1062 ipse
1954 985 2131 1045 homo
2165 1004 2232 1047 se
2269 996 2506 1066 spectat

391 1083 831 1159 principaliter,
890 1090 949 1140 et
985 1099 1170 1155 vera,
1219 1101 1374 1160 quae
1415 1099 1564 1143 suae
1617 1085 1844 1161 gloriae
1890 1088 2255 1161 inserviunt,
2309 1091 2505 1150 solum

389 1189 628 1260 spectat
671 1190 734 1241 ut
771 1182 968 1242 media
1003 1183 1079 1241 ad
1107 1182 1317 1257 finem,
1366 1202 1435 1243 ac
1476 1192 1542 1242 ut
1577 1187 1850 1262 servitia3
1892 1205 2029 1246 nam
2066 1191 2168 1264 qui
2203 1198 2363 1250 amat
2389 1191 2502 1250 Di-

388 1286 528 1343 vina
564 1301 711 1342 vera
748 1277 1283 1361 propter‘gloriam
1317 1288 1430 1360 sui,
1468 1284 1569 1344 ille
1598 1293 1833 1362 spectat
1865 1305 1931 1347 se
1968 1290 2028 1347 in
2064 1288 2296 1349 Divinis
2323 1293 2502 1365 veris,

389 1392 450 1445 et
483 1403 601 1444 non
635 1384 1001 1459 Dominum,
1029 1385 1187 1445 unde
1213 1388 1394 1445 vertit
1428 1404 1604 1446 suum
1642 1389 1865 1462 visum,
1907 1391 2008 1465 qui
2045 1396 2138 1448 est
2164 1391 2505 1452 intellectus

392 1493 452 1544 et
491 1486 665 1560 fidei,
723 1504 759 1543 a
796 1485 980 1546 Coelo
1020 1486 1100 1544 ad
1132 1488 1445 1563 mundum,
1504 1495 1565 1547 et
1600 1506 1636 1546 a
1672 1487 1927 1547 Domino
1976 1489 2051 1547 ad
2089 1498 2313 1568 semet5
2367 1492 2505 1551 inde

393 1594 514 1662 est,
582 1586 743 1663 quod
788 1589 849 1644 in
883 1586 1019 1646 luce
1059 1588 1265 1646 mundi
1305 1591 1450 1666 sint,
1518 1597 1577 1649 et
1624 1607 1742 1647 non
1787 1592 1845 1647 in
1892 1590 2028 1649 luce
2071 1592 2242 1650 coeli.
2326 1592 2407 1652 Hi
2446 1594 2506 1652 in

293 1762 304 1768 ,
396 1693 644 1746 externa
686 1688 908 1759 forma,
961 1690 1045 1746 ita
1081 1705 1279 1747 coram
1316 1689 1685 1761 hominibuS,
1726 1698 2019 1769 apparent
2059 1709 2251 1767 aeque
2280 1693 2504 1753 intelli-

394 1794 605 1865 gentes
651 1795 710 1847 et
764 1789 953 1860 docti,
1004 1791 1163 1847 sicut
1208 1788 1294 1847 illi
1339 1793 1443 1866 qui
1481 1793 1542 1849 in
1586 1791 1722 1849 luce
1772 1791 1929 1850 coeli
1974 1798 2141 1865 sunt,
2198 1796 2272 1852 ex
2322 1811 2508 1854 eausa

394 1890 536 1966 quia
574 1889 900 1966 loquuntur
926 1890 1216 1964 similiter,
1256 1891 1614 1968 quandoque
1652 1892 1711 1949 in
1740 1897 1987 1951 externa
2021 1896 2225 1969 specie
2263 1897 2505 1972 sapien-

392 1992 543 2059 tiuS,
597 1992 739 2066 quia
776 1992 1017 2049 excitati
1054 1989 1129 2048 ab
1170 2008 1373 2050 amore
1423 1994 1544 2067 sui,
1601 2009 1673 2051 ae
1712 1991 1872 2051 docti
1908 2000 2047 2052 sunt
2082 1996 2318 2053 mentiri
2357 1993 2505 2054 affe-

392 2092 622 2150 etiones
664 2091 961 2150 coelestes
983 2136 999 2165 ,
1048 2091 1159 2150 sed
1195 2107 1386 2168 usque
1421 2095 1483 2151 in
1519 2095 1753 2152 interna
1790 2092 2008 2166 forma,
2064 2096 2123 2152 in
2152 2112 2272 2170 qua
2311 2108 2504 2175 appa-

388 2198 524 2251 rent
582 2208 785 2250 coram
834 2192 1093 2269 angeliS,
1150 2209 1399 2269 prorsus
1448 2193 1552 2252 alii
1598 2199 1754 2253 sunt.
1852 2194 1943 2252 Ex
1993 2193 2087 2265 his
2140 2194 2509 2273 aliquantum

393 2299 672 2354 constare
712 2299 943 2371 potest,
1002 2295 1243 2368 quinam
1270 2300 1410 2352 sunt
1448 2297 1551 2372 qui
1577 2295 1988 2371 intelliguntur
2022 2314 2133 2373 per
2166 2287 2509 2375 intelligem-

386 2402 499 2470 ωε,
541 2394 644 2471 qui
670 2396 733 2453 in
764 2395 930 2452 coelo
958 2393 1362 2470 splendebunt
1388 2397 1545 2454 sicut
1571 2396 1894 2472 splendore
1932 2398 2214 2472 expansi:
2270 2400 2511 2474 quinam

388 2501 590 2554 autem
640 2500 809 2570 sunt,
866 2495 967 2571 qui
1009 2494 1419 2572 intelliguntur
1470 2513 1583 2573 per
1634 2495 2048 2556 Justificantes
2104 2497 2355 2569 multoS,
2410 2501 2512 2574 qui

390 2595 794 2673 splendebunt
836 2597 992 2655 sicut
1026 2595 1267 2669 stellae,
1323 2614 1480 2655 nunc
1520 2596 1767 2657 dicetur.

552 2698 712 2755 348.
791 2697 911 2755 Per
956 2696 1375 2758 Justifieantes
1424 2698 1644 2756 multos
1695 2687 2106 2773 intelliguntur
2142 2698 2230 2758 illi
2267 2702 2370 2775 qui
2405 2717 2507 2759 sa-

396 2797 628 2873 pientes
669 2804 835 2868 sunt,
891 2805 950 2856 et
983 2800 1044 2855 in
1095 2797 1280 2857 Coelo
1319 2804 1609 2857 vocantur
1641 2798 1728 2856 illi
1779 2800 2086 2874 sapientes
2124 2802 2226 2877 qui
2258 2803 2319 2859 in
2353 2799 2510 2860 bono

299 2891 304 2892 ⁷
396 2903 567 2972 sunt,
625 2904 686 2957 et
717 2899 804 2957 illi
838 2898 922 2957 ibi
971 2901 1031 2956 in
1072 2899 1227 2957 bono
1272 2904 1414 2958 sunt
1449 2900 1552 2975 qui
1595 2899 1818 2959 Divina
1857 2916 2002 2957 vera
2042 2903 2243 2959 statim
2286 2902 2508 2961 immit-

392 3004 525 3057 tunt
564 3002 624 3057 in
662 3002 876 3074 vitam,
933 3017 1070 3058 nam
1105 2999 1388 3058 Divinum
1422 3017 1632 3059 verum
1669 3018 1802 3079 cum
1842 2999 1909 3059 fit
1950 3003 2111 3061 vitae
2159 3002 2225 3061 fit
2266 3002 2509 3078 bonum,

367 3099 459 3159 *fit
512 3102 666 3158 enim
715 3100 1039 3162 voluntatis
1091 3105 1152 3159 et
1202 3102 1453 3172 amoris,
1511 3107 1571 3176 et
1618 3100 1899 3177 quiequid
1937 3111 2030 3161 est
2072 3102 2398 3163 voluntatis
2454 3112 2514 3165 et

389 3204 644 3276 amoriS,
700 3201 815 3260 hoe
850 3201 1072 3259 bonum
1110 3200 1357 3278 dicitur3
1395 3202 1459 3260 hi
1492 3201 1630 3262 ideo
1667 3204 1975 3279 sapientes
2015 3211 2332 3279 vocantur,
2372 3223 2509 3264 nam

390 3304 698 3380 sapientia
749 3308 841 3361 est
901 3303 1092 3362 vitae:
1172 3301 1261 3360 illi
1311 3309 1514 3361 autem
1564 3310 1854 3363 vocantur
1902 3303 2350 3380 IntelligenteS,
2412 3308 2512 3380 qui

388 3402 609 3461 Divina
643 3420 791 3461 vera
833 3420 953 3460 non
990 3404 1188 3461 statim
1239 3403 1564 3462 immittunt
1598 3406 1788 3477 vitae,
1846 3403 1955 3462 sed
1987 3406 2244 3479 primum
2281 3421 2511 3463 memo·
2584 3410 2588 3414 ’

388 3504 551 3574 riae,
607 3520 638 3562 e
678 3521 797 3578 qua
833 3503 971 3563 dein
1008 3503 1376 3581 depromitur
1421 3497 1481 3563 et
1519 3504 1835 3563 mandatur
1876 3505 2068 3563 vitae:
2123 3503 2418 3579 quomodo
2455 3511 2516 3565 et

550 3712 651 3778 (tt)
696 3713 869 3792 Quod
918 3715 1016 3768 lux
1068 3713 1266 3768 mundi
1321 3714 1395 3767 sit
1445 3731 1559 3785 pro
1599 3716 1856 3768 Externo
1897 3714 2162 3779 homine,
2223 3716 2322 3769 lux
2363 3718 2513 3771 coeli

390 3808 504 3861 pro
547 3789 821 3855 Interno‚
884 3809 950 3844 n:
996 3799 1165 3851 3222.
1211 3799 1381 3851 3223.
1423 3798 1593 3849 3337.
1676 3790 1847 3868 Quod
1888 3790 1983 3843 lux
2025 3790 2173 3844 coeli
2214 3791 2414 3847 influat
2454 3794 2511 3846 in

390 3869 586 3920 lumen
632 3867 925 3931 naturale,
983 3878 1040 3921 et
1082 3867 1240 3939 quod
1281 3866 1562 3919 naturalis
1601 3868 1776 3919 bomo
1819 3876 2038 3919 tantum
2082 3867 2294 3938 sapiat,
2340 3885 2515 3941 quan-

394 3952 511 4012 tum
554 3944 743 3996 lucem
786 3944 935 3997 coeli
977 3944 1222 4015 recipit,
1273 3960 1342 3995 n:
1386 3950 1556 4003 4302.
1595 3951 1764 4004 4408.
1846 3943 2018 4021 Quod
2057 3962 2088 3997 e
2125 3945 2253 3997 luce
2294 3944 2513 4007 mundi,

394 4035 540 4090 quae
581 4018 777 4073 lumen
817 4021 1078 4073 naturale
1120 4028 1397 4081 vocatur,
1460 4036 1579 4071 non
1633 4018 1819 4073 videri
1868 4020 2094 4092 possint
2129 4020 2412 4092 illassquae
2454 4018 2516 4073 in

390 4094 522 4147 luce
574 4096 721 4148 coeli
777 4106 938 4160 sunt,
1004 4094 1105 4149 sed
1156 4094 1443 4158 vicissim,
1500 4113 1569 4148 n:
1625 4104 1792 4157 9755.
1877 4095 2064 4162 Quare
2119 4096 2218 4171 qui
2274 4097 2332 4149 in
2395 4095 2518 4149 sola

393 4169 525 4222 luce
565 4172 764 4224 mundi
808 4182 971 4235 sunt,
1036 4188 1153 4224 non
1195 4170 1531 4242 percipiunt
1572 4172 1667 4226 illa
1710 4188 1858 4246 quae
1900 4173 1961 4225 in
2000 4171 2129 4226 luce
2170 4172 2320 4225 coeli
2363 4181 2514 4234 sunt,

393 4261 466 4297 n:
512 4254 679 4308 3108.
764 4249 934 4324 Quod
975 4248 1071 4300 lux
1126 4247 1322 4301 mundi
1366 4248 1586 4319 angelis
1631 4249 1707 4302 sit
1750 4248 1970 4320 caligo,
2028 4266 2093 4299 n:
2140 4256 2305 4307 1521.
2351 4254 2517 4307 1783.

395 4328 561 4383 1880.
2042 4353 2047 4358 ·
