<?xml version="1.0" encoding="UTF-8"?>
<!DOCTYPE html PUBLIC "-//W3C//DTD XHTML 1.0 Transitional//EN"
    "http://www.w3.org/TR/xhtml1/DTD/xhtml1-transitional.dtd">
<html xmlns="http://www.w3.org/1999/xhtml" xml:lang="en" lang="en">
 <head>
  <title>
</title>
<meta http-equiv="Content-Type" content="text/html;charset=utf-8" />
  <meta name='ocr-system' content='tesseract 3.04.00' />
  <meta name='ocr-capabilities' content='ocr_page ocr_carea ocr_par ocr_line ocrx_word'/>
</head>
<body>
  <div class='ocr_page' id='page_1' title='image "./decoeloetejusmi00tafegoog_0158.png"; bbox 0 0 3013 5114; ppageno 0'>
   <div class='ocr_carea' id='block_1_1' title="bbox 552 382 2057 448">
    <p class='ocr_par' dir='ltr' id='par_1_1' title="bbox 552 382 2057 448">
     <span class='ocr_line' id='line_1_1' title="bbox 552 382 2057 448; baseline -0.005 1"><span class='ocrx_word' id='word_1_1' title='bbox 552 398 660 448; x_wconf 73' lang='lat'><strong>152</strong></span> <span class='ocrx_word' id='word_1_2' title='bbox 1171 385 1267 438; x_wconf 83' lang='lat' dir='ltr'><strong>DE</strong></span> <span class='ocrx_word' id='word_1_3' title='bbox 1314 383 1548 439; x_wconf 83' lang='lat' dir='ltr'>COELO</span> <span class='ocrx_word' id='word_1_4' title='bbox 1591 383 1684 436; x_wconf 78' lang='lat' dir='ltr'><strong>ET</strong></span> <span class='ocrx_word' id='word_1_5' title='bbox 1724 382 2057 441; x_wconf 75' lang='lat' dir='ltr'><strong>LNFERNO.</strong></span> 
     </span>
    </p>
   </div>
   <div class='ocr_carea' id='block_1_2' title="bbox 488 543 2682 3349">
    <p class='ocr_par' dir='ltr' id='par_1_2' title="bbox 488 543 2678 1634">
     <span class='ocr_line' id='line_1_2' title="bbox 545 543 2678 623; baseline -0.003 -15"><span class='ocrx_word' id='word_1_6' title='bbox 545 548 683 609; x_wconf 88' lang='lat' dir='ltr'><strong>ideo</strong></span> <span class='ocrx_word' id='word_1_7' title='bbox 714 553 852 605; x_wconf 87' lang='lat' dir='ltr'><strong>sunt</strong></span> <span class='ocrx_word' id='word_1_8' title='bbox 875 548 1132 623; x_wconf 77' lang='lat' dir='ltr'><strong>proximi</strong></span> <span class='ocrx_word' id='word_1_9' title='bbox 1160 546 1434 619; x_wconf 79' lang='lat' dir='ltr'><strong>Domine,</strong></span> <span class='ocrx_word' id='word_1_10' title='bbox 1474 562 1511 602; x_wconf 89' lang='lat' dir='ltr'><strong>a</strong></span> <span class='ocrx_word' id='word_1_11' title='bbox 1541 544 1677 620; x_wconf 84' lang='lat' dir='ltr'><strong>Quo</strong></span> <span class='ocrx_word' id='word_1_12' title='bbox 1712 543 1830 602; x_wconf 90' lang='lat' dir='ltr'><strong>illis</strong></span> <span class='ocrx_word' id='word_1_13' title='bbox 1868 553 1960 603; x_wconf 87' lang='lat' dir='ltr'><strong>est</strong></span> <span class='ocrx_word' id='word_1_14' title='bbox 1993 545 2372 615; x_wconf 89' lang='lat' dir='ltr'><strong>Innocentia,</strong></span> <span class='ocrx_word' id='word_1_15' title='bbox 2422 550 2483 601; x_wconf 91' lang='lat' dir='ltr'><strong>et</strong></span> <span class='ocrx_word' id='word_1_16' title='bbox 2519 561 2678 618; x_wconf 87' lang='lat' dir='ltr'><strong>quo·</strong></span> 
     </span>
     <span class='ocr_line' id='line_1_3' title="bbox 551 644 2671 727; baseline -0.001 -20"><span class='ocrx_word' id='word_1_17' title='bbox 551 667 668 727; x_wconf 90' lang='lat' dir='ltr'><strong>que</strong></span> <span class='ocrx_word' id='word_1_18' title='bbox 706 655 847 706; x_wconf 88' lang='lat' dir='ltr'><strong>sunt</strong></span> <span class='ocrx_word' id='word_1_19' title='bbox 873 648 1140 723; x_wconf 88' lang='lat' dir='ltr'><strong>separati</strong></span> <span class='ocrx_word' id='word_1_20' title='bbox 1165 664 1201 705; x_wconf 88' lang='lat' dir='ltr'><strong>a</strong></span> <span class='ocrx_word' id='word_1_21' title='bbox 1227 647 1491 723; x_wconf 78' lang='lat' dir='ltr'><strong>proprie,</strong></span> <span class='ocrx_word' id='word_1_22' title='bbox 1533 645 1683 704; x_wconf 90' lang='lat' dir='ltr'><strong>adeo</strong></span> <span class='ocrx_word' id='word_1_23' title='bbox 1726 651 1793 702; x_wconf 85' lang='lat' dir='ltr'><strong>ut</strong></span> <span class='ocrx_word' id='word_1_24' title='bbox 1830 647 2035 707; x_wconf 87' lang='lat' dir='ltr'><strong>vivant</strong></span> <span class='ocrx_word' id='word_1_25' title='bbox 2077 647 2250 721; x_wconf 84' lang='lat' dir='ltr'><strong>quasi</strong></span> <span class='ocrx_word' id='word_1_26' title='bbox 2281 646 2340 702; x_wconf 91' lang='lat' dir='ltr'><strong>in</strong></span> <span class='ocrx_word' id='word_1_27' title='bbox 2377 644 2671 704; x_wconf 89' lang='lat' dir='ltr'><strong>Domino:</strong></span> 
     </span>
     <span class='ocr_line' id='line_1_4' title="bbox 550 745 2671 825; baseline -0.003 -16"><span class='ocrx_word' id='word_1_28' title='bbox 550 750 641 809; x_wconf 87' lang='lat' dir='ltr'><strong>illi</strong></span> <span class='ocrx_word' id='word_1_29' title='bbox 669 755 965 825; x_wconf 84' lang='lat' dir='ltr'><strong>apparent</strong></span> <span class='ocrx_word' id='word_1_30' title='bbox 999 748 1304 824; x_wconf 88' lang='lat' dir='ltr'><strong>simplices</strong></span> <span class='ocrx_word' id='word_1_31' title='bbox 1340 750 1400 805; x_wconf 91' lang='lat' dir='ltr'><strong>in</strong></span> <span class='ocrx_word' id='word_1_32' title='bbox 1440 754 1688 806; x_wconf 81' lang='lat' dir='ltr'><strong>externa</strong></span> <span class='ocrx_word' id='word_1_33' title='bbox 1729 746 1948 818; x_wconf 88' lang='lat' dir='ltr'><strong>forma,</strong></span> <span class='ocrx_word' id='word_1_34' title='bbox 1987 765 2057 806; x_wconf 89' lang='lat' dir='ltr'><strong>ac</strong></span> <span class='ocrx_word' id='word_1_35' title='bbox 2096 763 2296 804; x_wconf 87' lang='lat' dir='ltr'><strong>coram</strong></span> <span class='ocrx_word' id='word_1_36' title='bbox 2332 745 2520 805; x_wconf 90' lang='lat' dir='ltr'><strong>oculis</strong></span> <span class='ocrx_word' id='word_1_37' title='bbox 2562 764 2671 804; x_wconf 89' lang='lat' dir='ltr'><strong>an-</strong></span> 
     </span>
     <span class='ocr_line' id='line_1_5' title="bbox 548 846 2674 928; baseline -0.003 -17"><span class='ocrx_word' id='word_1_38' title='bbox 548 850 818 928; x_wconf 85' lang='lat' dir='ltr'><strong>gelorum</strong></span> <span class='ocrx_word' id='word_1_39' title='bbox 867 849 1209 908; x_wconf 86' lang='lat' dir='ltr'><strong>inferiorum</strong></span> <span class='ocrx_word' id='word_1_40' title='bbox 1249 848 1568 908; x_wconf 87' lang='lat' dir='ltr'><strong>Coelorum</strong></span> <span class='ocrx_word' id='word_1_41' title='bbox 1607 851 1766 906; x_wconf 88' lang='lat' dir='ltr'><strong>sicut</strong></span> <span class='ocrx_word' id='word_1_42' title='bbox 1800 846 2102 922; x_wconf 90' lang='lat' dir='ltr'><strong>Infantes,</strong></span> <span class='ocrx_word' id='word_1_43' title='bbox 2168 850 2253 905; x_wconf 89' lang='lat' dir='ltr'><strong>ita</strong></span> <span class='ocrx_word' id='word_1_44' title='bbox 2287 846 2526 925; x_wconf 85' lang='lat' dir='ltr'><strong>parvuli</strong></span> <span class='ocrx_word' id='word_1_45' title='bbox 2539 868 2555 923; x_wconf 83' lang='lat'><em>3</em></span> <span class='ocrx_word' id='word_1_46' title='bbox 2613 854 2674 904; x_wconf 88' lang='lat' dir='ltr'><strong>et</strong></span> 
     </span>
     <span class='ocr_line' id='line_1_6' title="bbox 550 948 2674 1032; baseline -0.002 -23"><span class='ocrx_word' id='word_1_47' title='bbox 550 968 789 1028; x_wconf 90' lang='lat' dir='ltr'><strong>quoque</strong></span> <span class='ocrx_word' id='word_1_48' title='bbox 831 953 987 1009; x_wconf 86' lang='lat' dir='ltr'><strong>sicut</strong></span> <span class='ocrx_word' id='word_1_49' title='bbox 1029 953 1130 1032; x_wconf 89' lang='lat' dir='ltr'><strong>qui</strong></span> <span class='ocrx_word' id='word_1_50' title='bbox 1167 967 1281 1007; x_wconf 89' lang='lat' dir='ltr'><strong>non</strong></span> <span class='ocrx_word' id='word_1_51' title='bbox 1326 948 1577 1007; x_wconf 88' lang='lat' dir='ltr'><strong>multum</strong></span> <span class='ocrx_word' id='word_1_52' title='bbox 1632 950 1903 1024; x_wconf 86' lang='lat' dir='ltr'><strong>sapiunt,</strong></span> <span class='ocrx_word' id='word_1_53' title='bbox 1962 950 2200 1009; x_wconf 89' lang='lat' dir='ltr'><strong>tametsi</strong></span> <span class='ocrx_word' id='word_1_54' title='bbox 2248 950 2674 1025; x_wconf 68' lang='lat' dir='ltr'><strong>sapientissimi</strong></span> 
     </span>
     <span class='ocr_line' id='line_1_7' title="bbox 548 1049 2671 1128; baseline -0.002 -18"><span class='ocrx_word' id='word_1_55' title='bbox 548 1052 923 1128; x_wconf 84' lang='lat' dir='ltr'><strong>Angelorum</strong></span> <span class='ocrx_word' id='word_1_56' title='bbox 964 1049 1133 1109; x_wconf 90' lang='lat' dir='ltr'><strong>Coeli</strong></span> <span class='ocrx_word' id='word_1_57' title='bbox 1181 1058 1346 1126; x_wconf 79' lang='lat' dir='ltr'><strong>sunt3</strong></span> <span class='ocrx_word' id='word_1_58' title='bbox 1403 1057 1621 1108; x_wconf 90' lang='lat' dir='ltr'><strong>norunt</strong></span> <span class='ocrx_word' id='word_1_59' title='bbox 1673 1052 1827 1108; x_wconf 88' lang='lat' dir='ltr'><strong>enim</strong></span> <span class='ocrx_word' id='word_1_60' title='bbox 1877 1051 2036 1125; x_wconf 93' lang='lat' dir='ltr'><strong>quod</strong></span> <span class='ocrx_word' id='word_1_61' title='bbox 2076 1050 2195 1109; x_wconf 90' lang='lat' dir='ltr'><strong>illis</strong></span> <span class='ocrx_word' id='word_1_62' title='bbox 2236 1049 2381 1108; x_wconf 88' lang='lat' dir='ltr'><strong>nihil</strong></span> <span class='ocrx_word' id='word_1_63' title='bbox 2425 1052 2671 1125; x_wconf 89' lang='lat' dir='ltr'><strong>sapien-</strong></span> 
     </span>
     <span class='ocr_line' id='line_1_8' title="bbox 488 1150 2674 1228; baseline -0.001 -18"><span class='ocrx_word' id='word_1_64' title='bbox 488 1164 503 1175; x_wconf 82' lang='lat'><strong>·</strong></span> <span class='ocrx_word' id='word_1_65' title='bbox 547 1156 667 1211; x_wconf 87' lang='lat' dir='ltr'><strong>tiae</strong></span> <span class='ocrx_word' id='word_1_66' title='bbox 719 1155 795 1212; x_wconf 89' lang='lat' dir='ltr'><strong>sit</strong></span> <span class='ocrx_word' id='word_1_67' title='bbox 834 1171 906 1209; x_wconf 79' lang='lat' dir='ltr'><strong>ex</strong></span> <span class='ocrx_word' id='word_1_68' title='bbox 956 1168 1052 1225; x_wconf 84' lang='lat' dir='ltr'><strong>se,</strong></span> <span class='ocrx_word' id='word_1_69' title='bbox 1114 1157 1174 1209; x_wconf 81' lang='lat' dir='ltr'><strong>et</strong></span> <span class='ocrx_word' id='word_1_70' title='bbox 1222 1151 1381 1227; x_wconf 93' lang='lat' dir='ltr'><strong>quod</strong></span> <span class='ocrx_word' id='word_1_71' title='bbox 1418 1168 1637 1228; x_wconf 86' lang='lat' dir='ltr'><strong>sapere</strong></span> <span class='ocrx_word' id='word_1_72' title='bbox 1687 1154 1764 1208; x_wconf 85' lang='lat' dir='ltr'><strong>sit</strong></span> <span class='ocrx_word' id='word_1_73' title='bbox 1811 1150 1869 1207; x_wconf 90' lang='lat' dir='ltr'><strong>id</strong></span> <span class='ocrx_word' id='word_1_74' title='bbox 1918 1168 2278 1227; x_wconf 81' lang='lat' dir='ltr'><strong>agnoscere,</strong></span> <span class='ocrx_word' id='word_1_75' title='bbox 2341 1158 2464 1209; x_wconf 89' lang='lat' dir='ltr'><strong>tum</strong></span> <span class='ocrx_word' id='word_1_76' title='bbox 2518 1150 2674 1226; x_wconf 88' lang='lat' dir='ltr'><strong>quod</strong></span> 
     </span>
     <span class='ocr_line' id='line_1_9' title="bbox 550 1251 2673 1328; baseline -0.002 -16"><span class='ocrx_word' id='word_1_77' title='bbox 550 1255 749 1313; x_wconf 89' lang='lat' dir='ltr'><strong>sciunt</strong></span> <span class='ocrx_word' id='word_1_78' title='bbox 794 1256 871 1311; x_wconf 88' lang='lat' dir='ltr'><strong>sit</strong></span> <span class='ocrx_word' id='word_1_79' title='bbox 922 1255 1094 1328; x_wconf 88' lang='lat' dir='ltr'><strong>quasi</strong></span> <span class='ocrx_word' id='word_1_80' title='bbox 1138 1251 1285 1310; x_wconf 88' lang='lat' dir='ltr'><strong>nihil</strong></span> <span class='ocrx_word' id='word_1_81' title='bbox 1336 1254 1678 1328; x_wconf 79' lang='lat' dir='ltr'><strong>respective</strong></span> <span class='ocrx_word' id='word_1_82' title='bbox 1738 1252 1814 1310; x_wconf 88' lang='lat' dir='ltr'><strong>ad</strong></span> <span class='ocrx_word' id='word_1_83' title='bbox 1859 1252 1920 1309; x_wconf 92' lang='lat' dir='ltr'><strong>id</strong></span> <span class='ocrx_word' id='word_1_84' title='bbox 1973 1253 2131 1327; x_wconf 91' lang='lat' dir='ltr'><strong>quod</strong></span> <span class='ocrx_word' id='word_1_85' title='bbox 2183 1270 2299 1310; x_wconf 92' lang='lat' dir='ltr'><strong>non</strong></span> <span class='ocrx_word' id='word_1_86' title='bbox 2338 1255 2560 1327; x_wconf 88' lang='lat' dir='ltr'><strong>sciunt;</strong></span> <span class='ocrx_word' id='word_1_87' title='bbox 2616 1251 2673 1310; x_wconf 90' lang='lat' dir='ltr'><strong>id</strong></span> 
     </span>
     <span class='ocr_line' id='line_1_10' title="bbox 550 1352 2675 1430; baseline -0.002 -17"><span class='ocrx_word' id='word_1_88' title='bbox 550 1356 734 1423; x_wconf 88' lang='lat' dir='ltr'><strong>scire,</strong></span> <span class='ocrx_word' id='word_1_89' title='bbox 785 1370 1113 1430; x_wconf 84' lang='lat' dir='ltr'><strong>agnoscere</strong></span> <span class='ocrx_word' id='word_1_90' title='bbox 1159 1359 1218 1412; x_wconf 92' lang='lat' dir='ltr'><strong>et</strong></span> <span class='ocrx_word' id='word_1_91' title='bbox 1254 1355 1568 1430; x_wconf 85' lang='lat' dir='ltr'><strong>percipere</strong></span> <span class='ocrx_word' id='word_1_92' title='bbox 1611 1354 1815 1412; x_wconf 87' lang='lat' dir='ltr'><strong>dicunt</strong></span> <span class='ocrx_word' id='word_1_93' title='bbox 1856 1370 1992 1412; x_wconf 89' lang='lat' dir='ltr'><strong>esse</strong></span> <span class='ocrx_word' id='word_1_94' title='bbox 2030 1357 2284 1430; x_wconf 81' lang='lat' dir='ltr'><strong>primum</strong></span> <span class='ocrx_word' id='word_1_95' title='bbox 2319 1353 2569 1429; x_wconf 85' lang='lat' dir='ltr'><strong>gradum</strong></span> <span class='ocrx_word' id='word_1_96' title='bbox 2599 1352 2675 1411; x_wconf 87' lang='lat' dir='ltr'><strong>ad</strong></span> 
     </span>
     <span class='ocr_line' id='line_1_11' title="bbox 548 1454 2672 1531; baseline -0.001 -17"><span class='ocrx_word' id='word_1_97' title='bbox 548 1457 934 1531; x_wconf 80' lang='lat' dir='ltr'><strong>sapientiam3</strong></span> <span class='ocrx_word' id='word_1_98' title='bbox 1014 1461 1151 1512; x_wconf 90' lang='lat' dir='ltr'><strong>sunt</strong></span> <span class='ocrx_word' id='word_1_99' title='bbox 1207 1456 1384 1512; x_wconf 83' lang='lat' dir='ltr'><strong>etiam</strong></span> <span class='ocrx_word' id='word_1_100' title='bbox 1434 1454 1522 1512; x_wconf 90' lang='lat' dir='ltr'><strong>illi</strong></span> <span class='ocrx_word' id='word_1_101' title='bbox 1572 1454 1790 1531; x_wconf 86' lang='lat' dir='ltr'><strong>Augeli</strong></span> <span class='ocrx_word' id='word_1_102' title='bbox 1852 1455 2025 1523; x_wconf 89' lang='lat' dir='ltr'><strong>nudi,</strong></span> <span class='ocrx_word' id='word_1_103' title='bbox 2098 1457 2377 1529; x_wconf 85' lang='lat' dir='ltr'><strong>quoniam</strong></span> <span class='ocrx_word' id='word_1_104' title='bbox 2434 1454 2672 1512; x_wconf 88' lang='lat' dir='ltr'><strong>nuditas</strong></span> 
     </span>
     <span class='ocr_line' id='line_1_12' title="bbox 548 1551 1735 1634; baseline -0.003 -20"><span class='ocrx_word' id='word_1_105' title='bbox 548 1555 975 1632; x_wconf 87' lang='lat' dir='ltr'><strong>correspondet</strong></span> <span class='ocrx_word' id='word_1_106' title='bbox 1013 1554 1397 1613; x_wconf 88' lang='lat' dir='ltr'><strong>Innocentiae</strong></span> <span class='ocrx_word' id='word_1_107' title='bbox 1439 1551 1528 1634; x_wconf 81' lang='lat' dir='ltr'><strong>(i).</strong></span> <span class='ocrx_word' id='word_1_108' title='bbox 1729 1562 1735 1566; x_wconf 85' lang='lat'>&#39;</span> 
     </span>
    </p>

    <p class='ocr_par' dir='ltr' id='par_1_3' title="bbox 545 1655 2682 3349">
     <span class='ocr_line' id='line_1_13' title="bbox 705 1655 2667 1733; baseline 0 -19"><span class='ocrx_word' id='word_1_109' title='bbox 705 1659 865 1714; x_wconf 83' lang='grc'><strong>281.</strong></span> <span class='ocrx_word' id='word_1_110' title='bbox 922 1656 1016 1714; x_wconf 90' lang='lat' dir='ltr'><strong>De</strong></span> <span class='ocrx_word' id='word_1_111' title='bbox 1057 1655 1405 1714; x_wconf 88' lang='lat' dir='ltr'><strong>Innocentia</strong></span> <span class='ocrx_word' id='word_1_112' title='bbox 1446 1656 1700 1715; x_wconf 88' lang='lat' dir='ltr'><strong>multum</strong></span> <span class='ocrx_word' id='word_1_113' title='bbox 1736 1656 2021 1733; x_wconf 91' lang='lat' dir='ltr'><strong>loquutus</strong></span> <span class='ocrx_word' id='word_1_114' title='bbox 2061 1673 2194 1714; x_wconf 88' lang='lat' dir='ltr'><strong>sum</strong></span> <span class='ocrx_word' id='word_1_115' title='bbox 2232 1673 2365 1715; x_wconf 90' lang='lat' dir='ltr'><strong>cum</strong></span> <span class='ocrx_word' id='word_1_116' title='bbox 2402 1657 2667 1733; x_wconf 76' lang='lat' dir='ltr'><strong>AngeliS‚</strong></span> 
     </span>
     <span class='ocr_line' id='line_1_14' title="bbox 549 1757 2671 1833; baseline -0.001 -16"><span class='ocrx_word' id='word_1_117' title='bbox 549 1766 612 1817; x_wconf 88' lang='lat' dir='ltr'><strong>et</strong></span> <span class='ocrx_word' id='word_1_118' title='bbox 646 1758 1031 1831; x_wconf 78' lang='lat' dir='ltr'><strong>informatuS,</strong></span> <span class='ocrx_word' id='word_1_119' title='bbox 1091 1757 1249 1833; x_wconf 90' lang='lat' dir='ltr'><strong>quod</strong></span> <span class='ocrx_word' id='word_1_120' title='bbox 1284 1758 1636 1816; x_wconf 88' lang='lat' dir='ltr'><strong>Innocentia</strong></span> <span class='ocrx_word' id='word_1_121' title='bbox 1671 1759 1748 1816; x_wconf 88' lang='lat' dir='ltr'><strong>sit</strong></span> <span class='ocrx_word' id='word_1_122' title='bbox 1790 1758 1942 1816; x_wconf 88' lang='lat' dir='ltr'><strong>Esse</strong></span> <span class='ocrx_word' id='word_1_123' title='bbox 1989 1759 2176 1816; x_wconf 86' lang='lat' dir='ltr'><strong>omnis</strong></span> <span class='ocrx_word' id='word_1_124' title='bbox 2214 1757 2381 1832; x_wconf 80' lang='lat' dir='ltr'><strong>boni,</strong></span> <span class='ocrx_word' id='word_1_125' title='bbox 2442 1764 2501 1816; x_wconf 85' lang='lat' dir='ltr'><strong>et</strong></span> <span class='ocrx_word' id='word_1_126' title='bbox 2536 1758 2671 1815; x_wconf 89' lang='lat' dir='ltr'><strong>inde</strong></span> 
     </span>
     <span class='ocr_line' id='line_1_15' title="bbox 550 1857 2673 1936; baseline -0 -19"><span class='ocrx_word' id='word_1_127' title='bbox 550 1858 709 1936; x_wconf 91' lang='lat' dir='ltr'><strong>quod</strong></span> <span class='ocrx_word' id='word_1_128' title='bbox 752 1857 978 1917; x_wconf 79' lang='lat' dir='ltr'><strong>bonurn</strong></span> <span class='ocrx_word' id='word_1_129' title='bbox 1026 1864 1257 1916; x_wconf 89' lang='lat' dir='ltr'><strong>tantum</strong></span> <span class='ocrx_word' id='word_1_130' title='bbox 1303 1861 1380 1917; x_wconf 88' lang='lat' dir='ltr'><strong>sit</strong></span> <span class='ocrx_word' id='word_1_131' title='bbox 1429 1858 1652 1917; x_wconf 88' lang='lat' dir='ltr'><strong>bonum</strong></span> <span class='ocrx_word' id='word_1_132' title='bbox 1689 1865 1973 1936; x_wconf 86' lang='lat' dir='ltr'><strong>quantum</strong></span> <span class='ocrx_word' id='word_1_133' title='bbox 2013 1861 2072 1916; x_wconf 89' lang='lat' dir='ltr'><strong>in</strong></span> <span class='ocrx_word' id='word_1_134' title='bbox 2115 1858 2218 1916; x_wconf 90' lang='lat' dir='ltr'><strong>illo</strong></span> <span class='ocrx_word' id='word_1_135' title='bbox 2258 1866 2350 1917; x_wconf 85' lang='lat' dir='ltr'><strong>est</strong></span> <span class='ocrx_word' id='word_1_136' title='bbox 2385 1862 2673 1918; x_wconf 76' lang='lat' dir='ltr'><strong>innocen-</strong></span> 
     </span>
     <span class='ocr_line' id='line_1_16' title="bbox 547 1959 2671 2035; baseline -0.001 -17"><span class='ocrx_word' id='word_1_137' title='bbox 547 1962 656 2034; x_wconf 86' lang='lat' dir='ltr'><strong>tia,</strong></span> <span class='ocrx_word' id='word_1_138' title='bbox 713 1967 1151 2035; x_wconf 87' lang='lat' dir='ltr'><strong>consequenter</strong></span> <span class='ocrx_word' id='word_1_139' title='bbox 1195 1959 1353 2035; x_wconf 91' lang='lat' dir='ltr'><strong>quod</strong></span> <span class='ocrx_word' id='word_1_140' title='bbox 1392 1962 1689 2035; x_wconf 87' lang='lat' dir='ltr'><strong>sapientia</strong></span> <span class='ocrx_word' id='word_1_141' title='bbox 1734 1966 1964 2018; x_wconf 78' lang='lat' dir='ltr'><strong>tanturn</strong></span> <span class='ocrx_word' id='word_1_142' title='bbox 2019 1962 2096 2018; x_wconf 89' lang='lat' dir='ltr'><strong>sit</strong></span> <span class='ocrx_word' id='word_1_143' title='bbox 2141 1963 2438 2035; x_wconf 87' lang='lat' dir='ltr'><strong>sapientia</strong></span> <span class='ocrx_word' id='word_1_144' title='bbox 2478 1977 2671 2035; x_wconf 89' lang='lat' dir='ltr'><strong>quan—</strong></span> 
     </span>
     <span class='ocr_line' id='line_1_17' title="bbox 548 2056 2673 2141; baseline 0 -23"><span class='ocrx_word' id='word_1_145' title='bbox 548 2067 673 2119; x_wconf 85' lang='lat' dir='ltr'><strong>tum</strong></span> <span class='ocrx_word' id='word_1_146' title='bbox 714 2061 875 2119; x_wconf 88' lang='lat' dir='ltr'><strong>ducit</strong></span> <span class='ocrx_word' id='word_1_147' title='bbox 912 2061 987 2118; x_wconf 90' lang='lat' dir='ltr'><strong>ab</strong></span> <span class='ocrx_word' id='word_1_148' title='bbox 1024 2062 1381 2135; x_wconf 84' lang='lat' dir='ltr'><strong>innocentia,</strong></span> <span class='ocrx_word' id='word_1_149' title='bbox 1422 2062 1693 2120; x_wconf 88' lang='lat' dir='ltr'><strong>similiter</strong></span> <span class='ocrx_word' id='word_1_150' title='bbox 1732 2078 1915 2134; x_wconf 82' lang='lat' dir='ltr'><strong>amor,</strong></span> <span class='ocrx_word' id='word_1_151' title='bbox 1956 2060 2235 2134; x_wconf 76' lang='lat' dir='ltr'><strong>charitaS,</strong></span> <span class='ocrx_word' id='word_1_152' title='bbox 2278 2068 2338 2120; x_wconf 91' lang='lat' dir='ltr'><strong>et</strong></span> <span class='ocrx_word' id='word_1_153' title='bbox 2372 2061 2520 2119; x_wconf 88' lang='lat' dir='ltr'><strong>fides</strong></span> <span class='ocrx_word' id='word_1_154' title='bbox 2551 2056 2673 2141; x_wconf 87' lang='lat' dir='ltr'>(k);</span> 
     </span>
     <span class='ocr_line' id='line_1_18' title="bbox 551 2160 2678 2237; baseline 0.001 -18"><span class='ocrx_word' id='word_1_155' title='bbox 551 2168 613 2219; x_wconf 88' lang='lat' dir='ltr'><strong>et</strong></span> <span class='ocrx_word' id='word_1_156' title='bbox 650 2160 809 2236; x_wconf 92' lang='lat' dir='ltr'><strong>quod</strong></span> <span class='ocrx_word' id='word_1_157' title='bbox 843 2162 981 2218; x_wconf 90' lang='lat' dir='ltr'><strong>inde</strong></span> <span class='ocrx_word' id='word_1_158' title='bbox 1019 2163 1128 2234; x_wconf 83' lang='lat' dir='ltr'><strong>sit,</strong></span> <span class='ocrx_word' id='word_1_159' title='bbox 1198 2161 1356 2234; x_wconf 91' lang='lat' dir='ltr'><strong>quod</strong></span> <span class='ocrx_word' id='word_1_160' title='bbox 1411 2178 1584 2219; x_wconf 86' lang='lat' dir='ltr'><strong>nemo</strong></span> <span class='ocrx_word' id='word_1_161' title='bbox 1621 2164 1842 2220; x_wconf 87' lang='lat' dir='ltr'><strong>intrare</strong></span> <span class='ocrx_word' id='word_1_162' title='bbox 1890 2163 2085 2237; x_wconf 88' lang='lat' dir='ltr'><strong>possit</strong></span> <span class='ocrx_word' id='word_1_163' title='bbox 2129 2162 2399 2233; x_wconf 89' lang='lat' dir='ltr'><strong>coelum,</strong></span> <span class='ocrx_word' id='word_1_164' title='bbox 2452 2162 2568 2223; x_wconf 84' lang='lat' dir='ltr'><strong>nisi</strong></span> <span class='ocrx_word' id='word_1_165' title='bbox 2621 2163 2678 2222; x_wconf 91' lang='lat' dir='ltr'><strong>ei</strong></span> 
     </span>
     <span class='ocr_line' id='line_1_19' title="bbox 550 2260 2673 2338; baseline 0 -19"><span class='ocrx_word' id='word_1_166' title='bbox 550 2263 893 2320; x_wconf 87' lang='lat' dir='ltr'><strong>innocentia</strong></span> <span class='ocrx_word' id='word_1_167' title='bbox 946 2263 1048 2338; x_wconf 80' lang='lat' dir='ltr'><strong>sit3</strong></span> <span class='ocrx_word' id='word_1_168' title='bbox 1108 2266 1168 2318; x_wconf 88' lang='lat' dir='ltr'><strong>et</strong></span> <span class='ocrx_word' id='word_1_169' title='bbox 1222 2261 1381 2335; x_wconf 89' lang='lat' dir='ltr'><strong>quod</strong></span> <span class='ocrx_word' id='word_1_170' title='bbox 1430 2260 1492 2319; x_wconf 90' lang='lat' dir='ltr'><strong>id</strong></span> <span class='ocrx_word' id='word_1_171' title='bbox 1546 2264 1656 2335; x_wconf 86' lang='lat' dir='ltr'><strong>sit,</strong></span> <span class='ocrx_word' id='word_1_172' title='bbox 1714 2261 1872 2337; x_wconf 91' lang='lat' dir='ltr'><strong>quod</strong></span> <span class='ocrx_word' id='word_1_173' title='bbox 1917 2261 2269 2337; x_wconf 87' lang='lat' dir='ltr'><strong>intelligitur</strong></span> <span class='ocrx_word' id='word_1_174' title='bbox 2315 2281 2350 2320; x_wconf 89' lang='lat' dir='ltr'><strong>a</strong></span> <span class='ocrx_word' id='word_1_175' title='bbox 2398 2264 2673 2332; x_wconf 86' lang='lat' dir='ltr'><strong>Domino,</strong></span> 
     </span>
     <span class='ocr_line' id='line_1_20' title="bbox 551 2358 2677 2441; baseline 0 -19"><span class='ocrx_word' id='word_1_176' title='bbox 551 2358 811 2436; x_wconf 73' lang='lat' dir='ltr'><strong>„Sinite</strong></span> <span class='ocrx_word' id='word_1_177' title='bbox 862 2360 1145 2441; x_wconf 75' lang='lat' dir='ltr'><strong>infantes</strong></span> <span class='ocrx_word' id='word_1_178' title='bbox 1188 2361 1398 2421; x_wconf 79' lang='lat' dir='ltr'><strong>venire</strong></span> <span class='ocrx_word' id='word_1_179' title='bbox 1445 2361 1536 2421; x_wconf 82' lang='lat' dir='ltr'><strong>ad</strong></span> <span class='ocrx_word' id='word_1_180' title='bbox 1583 2361 1719 2437; x_wconf 88' lang='lat' dir='ltr'><strong>Me,</strong></span> <span class='ocrx_word' id='word_1_181' title='bbox 1773 2381 1850 2421; x_wconf 77' lang='lat' dir='ltr'><strong>ue</strong></span> <span class='ocrx_word' id='word_1_182' title='bbox 1882 2362 2206 2441; x_wconf 76' lang='lat' dir='ltr'><strong>prohibete</strong></span> <span class='ocrx_word' id='word_1_183' title='bbox 2257 2383 2392 2434; x_wconf 73' lang='lat' dir='ltr'><strong>eoa,</strong></span> <span class='ocrx_word' id='word_1_184' title='bbox 2443 2361 2677 2424; x_wconf 78' lang='lat' dir='ltr'><strong>talium</strong></span> 
     </span>
     <span class='ocr_line' id='line_1_21' title="bbox 546 2459 2678 2544; baseline 0 -21"><span class='ocrx_word' id='word_1_185' title='bbox 546 2462 715 2523; x_wconf 72' lang='lat' dir='ltr'><strong>mim</strong></span> <span class='ocrx_word' id='word_1_186' title='bbox 754 2467 851 2522; x_wconf 78' lang='lat' dir='ltr'><strong>est</strong></span> <span class='ocrx_word' id='word_1_187' title='bbox 865 2461 1168 2543; x_wconf 72' lang='lat' dir='ltr'><strong>Reynum</strong></span> <span class='ocrx_word' id='word_1_188' title='bbox 1195 2459 1556 2524; x_wconf 69' lang='lat' dir='ltr'><strong>coelorum.-</strong></span> <span class='ocrx_word' id='word_1_189' title='bbox 1596 2482 1778 2523; x_wconf 77' lang='lat' dir='ltr'><strong>amen</strong></span> <span class='ocrx_word' id='word_1_190' title='bbox 1806 2463 1947 2524; x_wconf 74' lang='lat' dir='ltr'><strong>dico</strong></span> <span class='ocrx_word' id='word_1_191' title='bbox 1977 2463 2166 2535; x_wconf 70' lang='lat' dir='ltr'><strong>vobis,</strong></span> <span class='ocrx_word' id='word_1_192' title='bbox 2184 2464 2532 2544; x_wconf 76' lang='lat' dir='ltr'><strong>quicunque</strong></span> <span class='ocrx_word' id='word_1_193' title='bbox 2555 2481 2678 2524; x_wconf 75' lang='lat' dir='ltr'><strong>non</strong></span> 
     </span>
     <span class='ocr_line' id='line_1_22' title="bbox 545 2562 2678 2646; baseline -0 -20"><span class='ocrx_word' id='word_1_194' title='bbox 545 2565 843 2645; x_wconf 74' lang='lat' dir='ltr'><strong>receperit</strong></span> <span class='ocrx_word' id='word_1_195' title='bbox 875 2565 1178 2644; x_wconf 73' lang='lat' dir='ltr'><strong>Reynum</strong></span> <span class='ocrx_word' id='word_1_196' title='bbox 1216 2562 1547 2627; x_wconf 79' lang='lat' dir='ltr'><strong>Coelorum</strong></span> <span class='ocrx_word' id='word_1_197' title='bbox 1587 2574 1660 2627; x_wconf 75' lang='lat' dir='ltr'><strong>ut</strong></span> <span class='ocrx_word' id='word_1_198' title='bbox 1694 2565 1958 2646; x_wconf 72' lang='lat' dir='ltr'><strong>Infima,</strong></span> <span class='ocrx_word' id='word_1_199' title='bbox 2012 2586 2134 2626; x_wconf 78' lang='lat' dir='ltr'><strong>non</strong></span> <span class='ocrx_word' id='word_1_200' title='bbox 2175 2566 2574 2646; x_wconf 62' lang='lat' dir='ltr'><strong>ingredietur</strong></span> <span class='ocrx_word' id='word_1_201' title='bbox 2606 2565 2678 2625; x_wconf 73' lang='lat' dir='ltr'><strong>in</strong></span> 
     </span>
     <span class='ocr_line' id='line_1_23' title="bbox 548 2656 2676 2755; baseline -0 -29"><span class='ocrx_word' id='word_1_202' title='bbox 548 2663 789 2742; x_wconf 54' lang='lat' dir='ltr'><strong>maest</strong></span> <span class='ocrx_word' id='word_1_203' title='bbox 823 2657 1060 2755; x_wconf 69' lang='lat' dir='ltr'><strong>[Matthz</strong></span> <span class='ocrx_word' id='word_1_204' title='bbox 1089 2663 1261 2727; x_wconf 84' lang='lat' dir='ltr'><strong>XIX:</strong></span> <span class='ocrx_word' id='word_1_205' title='bbox 1303 2656 1437 2755; x_wconf 86' lang='lat'><strong>14.]</strong></span> <span class='ocrx_word' id='word_1_206' title='bbox 1467 2667 1653 2726; x_wconf 79' lang='lat' dir='ltr'><strong>Marc:</strong></span> <span class='ocrx_word' id='word_1_207' title='bbox 1691 2667 1771 2726; x_wconf 79' lang='lat' dir='ltr'><strong>X:</strong></span> <span class='ocrx_word' id='word_1_208' title='bbox 1816 2670 1923 2726; x_wconf 87' lang='lat'><strong>14.</strong></span> <span class='ocrx_word' id='word_1_209' title='bbox 1959 2669 2063 2727; x_wconf 84' lang='lat'><strong>15.</strong></span> <span class='ocrx_word' id='word_1_210' title='bbox 2102 2668 2246 2727; x_wconf 80' lang='lat' dir='ltr'><strong>Luc:</strong></span> <span class='ocrx_word' id='word_1_211' title='bbox 2284 2667 2517 2727; x_wconf 82' lang='lat' dir='ltr'><strong>XVIII:</strong></span> <span class='ocrx_word' id='word_1_212' title='bbox 2569 2670 2676 2726; x_wconf 85' lang='lat'><strong>16.</strong></span> 
     </span>
     <span class='ocr_line' id='line_1_24' title="bbox 555 2766 2680 2845; baseline 0 -19"><span class='ocrx_word' id='word_1_213' title='bbox 555 2772 585 2826; x_wconf 87' lang='lat'>1</span> <span class='ocrx_word' id='word_1_214' title='bbox 609 2772 640 2826; x_wconf 90' lang='grc'><strong>7</strong></span> <span class='ocrx_word' id='word_1_215' title='bbox 662 2788 677 2842; x_wconf 85' lang='lat'><em>3</em></span> <span class='ocrx_word' id='word_1_216' title='bbox 716 2785 826 2845; x_wconf 89' lang='lat' dir='ltr'><strong>per</strong></span> <span class='ocrx_word' id='word_1_217' title='bbox 849 2767 1115 2827; x_wconf 83' lang='lat' dir='ltr'><strong>Infantes</strong></span> <span class='ocrx_word' id='word_1_218' title='bbox 1136 2768 1236 2837; x_wconf 93' lang='lat' dir='ltr'><strong>ibi,</strong></span> <span class='ocrx_word' id='word_1_219' title='bbox 1264 2773 1330 2825; x_wconf 91' lang='lat' dir='ltr'><strong>ut</strong></span> <span class='ocrx_word' id='word_1_220' title='bbox 1357 2786 1594 2844; x_wconf 90' lang='lat' dir='ltr'><strong>quoque</strong></span> <span class='ocrx_word' id='word_1_221' title='bbox 1625 2769 1768 2827; x_wconf 85' lang='lat' dir='ltr'><strong>alibi</strong></span> <span class='ocrx_word' id='word_1_222' title='bbox 1796 2772 1855 2827; x_wconf 91' lang='lat' dir='ltr'><strong>in</strong></span> <span class='ocrx_word' id='word_1_223' title='bbox 1884 2767 2107 2842; x_wconf 80' lang='lat' dir='ltr'><strong>Verbo,</strong></span> <span class='ocrx_word' id='word_1_224' title='bbox 2138 2769 2548 2845; x_wconf 85' lang='lat' dir='ltr'><strong>intelliguntur</strong></span> <span class='ocrx_word' id='word_1_225' title='bbox 2575 2766 2680 2827; x_wconf 89' lang='lat' dir='ltr'><strong>In-</strong></span> 
     </span>
     <span class='ocr_line' id='line_1_25' title="bbox 551 2864 2682 2947; baseline 0.001 -22"><span class='ocrx_word' id='word_1_226' title='bbox 551 2875 838 2926; x_wconf 85' lang='lat' dir='ltr'><strong>nocentes</strong></span> <span class='ocrx_word' id='word_1_227' title='bbox 881 2864 965 2947; x_wconf 86' lang='lat' dir='ltr'><strong>(h)</strong></span> <span class='ocrx_word' id='word_1_228' title='bbox 990 2889 1003 2939; x_wconf 77' lang='lat'>3</span> <span class='ocrx_word' id='word_1_229' title='bbox 1059 2868 1445 2926; x_wconf 86' lang='lat' dir='ltr'><strong>Innocentiae</strong></span> <span class='ocrx_word' id='word_1_230' title='bbox 1496 2875 1691 2927; x_wconf 88' lang='lat' dir='ltr'><strong>status</strong></span> <span class='ocrx_word' id='word_1_231' title='bbox 1738 2872 1916 2928; x_wconf 83' lang='lat' dir='ltr'><strong>etiam</strong></span> <span class='ocrx_word' id='word_1_232' title='bbox 1957 2870 2312 2929; x_wconf 85' lang='lat' dir='ltr'><strong>describitur</strong></span> <span class='ocrx_word' id='word_1_233' title='bbox 2349 2887 2385 2927; x_wconf 91' lang='lat' dir='ltr'><strong>a</strong></span> <span class='ocrx_word' id='word_1_234' title='bbox 2420 2869 2682 2927; x_wconf 87' lang='lat' dir='ltr'><strong>Domino</strong></span> 
     </span>
     <span class='ocr_line' id='line_1_26' title="bbox 548 2966 2674 3047; baseline 0 -21"><span class='ocrx_word' id='word_1_235' title='bbox 548 2966 769 3026; x_wconf 86' lang='lat' dir='ltr'><strong>Matth:</strong></span> <span class='ocrx_word' id='word_1_236' title='bbox 828 2966 947 3025; x_wconf 90' lang='lat' dir='ltr'><strong>VI:</strong></span> <span class='ocrx_word' id='word_1_237' title='bbox 1025 2971 1111 3025; x_wconf 84' lang='lat'><strong>24</strong></span> <span class='ocrx_word' id='word_1_238' title='bbox 1161 2967 1238 3025; x_wconf 87' lang='lat' dir='ltr'><strong>ad</strong></span> <span class='ocrx_word' id='word_1_239' title='bbox 1297 2970 1422 3041; x_wconf 83' lang='lat'><strong>25,</strong></span> <span class='ocrx_word' id='word_1_240' title='bbox 1496 2969 1606 3027; x_wconf 89' lang='lat' dir='ltr'><strong>sed</strong></span> <span class='ocrx_word' id='word_1_241' title='bbox 1661 2988 1772 3045; x_wconf 90' lang='lat' dir='ltr'><strong>per</strong></span> <span class='ocrx_word' id='word_1_242' title='bbox 1828 2987 2024 3029; x_wconf 82' lang='lat' dir='ltr'><strong>meras</strong></span> <span class='ocrx_word' id='word_1_243' title='bbox 2082 2969 2674 3047; x_wconf 86' lang='lat' dir='ltr'><strong>correspondentias:</strong></span> 
     </span>
     <span class='ocr_line' id='line_1_27' title="bbox 552 3067 2675 3146; baseline 0.001 -20"><span class='ocrx_word' id='word_1_244' title='bbox 552 3084 738 3126; x_wconf 86' lang='lat' dir='ltr'><strong>causa</strong></span> <span class='ocrx_word' id='word_1_245' title='bbox 779 3067 937 3143; x_wconf 93' lang='lat' dir='ltr'><strong>quod</strong></span> <span class='ocrx_word' id='word_1_246' title='bbox 974 3068 1197 3125; x_wconf 91' lang='lat' dir='ltr'><strong>bonum</strong></span> <span class='ocrx_word' id='word_1_247' title='bbox 1247 3071 1323 3127; x_wconf 89' lang='lat' dir='ltr'><strong>sit</strong></span> <span class='ocrx_word' id='word_1_248' title='bbox 1360 3068 1583 3127; x_wconf 91' lang='lat' dir='ltr'><strong>bonum</strong></span> <span class='ocrx_word' id='word_1_249' title='bbox 1633 3076 1919 3146; x_wconf 84' lang='lat' dir='ltr'><strong>quantum</strong></span> <span class='ocrx_word' id='word_1_250' title='bbox 1966 3073 2027 3129; x_wconf 91' lang='lat' dir='ltr'><strong>in</strong></span> <span class='ocrx_word' id='word_1_251' title='bbox 2082 3089 2151 3130; x_wconf 87' lang='lat' dir='ltr'><strong>eo</strong></span> <span class='ocrx_word' id='word_1_252' title='bbox 2193 3079 2285 3130; x_wconf 88' lang='lat' dir='ltr'><strong>est</strong></span> <span class='ocrx_word' id='word_1_253' title='bbox 2320 3073 2675 3145; x_wconf 86' lang='lat' dir='ltr'><strong>innocentia,</strong></span> 
     </span>
     <span class='ocr_line' id='line_1_28' title="bbox 552 3168 2677 3245; baseline 0.001 -18"><span class='ocrx_word' id='word_1_254' title='bbox 552 3175 645 3227; x_wconf 86' lang='lat' dir='ltr'><strong>est</strong></span> <span class='ocrx_word' id='word_1_255' title='bbox 681 3170 821 3242; x_wconf 90' lang='lat' dir='ltr'><strong>quia</strong></span> <span class='ocrx_word' id='word_1_256' title='bbox 850 3185 1044 3226; x_wconf 86' lang='lat' dir='ltr'><strong>omne</strong></span> <span class='ocrx_word' id='word_1_257' title='bbox 1088 3168 1308 3228; x_wconf 88' lang='lat' dir='ltr'><strong>bonum</strong></span> <span class='ocrx_word' id='word_1_258' title='bbox 1358 3174 1450 3226; x_wconf 88' lang='lat' dir='ltr'><strong>est</strong></span> <span class='ocrx_word' id='word_1_259' title='bbox 1491 3188 1527 3228; x_wconf 89' lang='lat' dir='ltr'><strong>a</strong></span> <span class='ocrx_word' id='word_1_260' title='bbox 1568 3169 1844 3245; x_wconf 87' lang='lat' dir='ltr'><strong>Domino,</strong></span> <span class='ocrx_word' id='word_1_261' title='bbox 1904 3178 1963 3229; x_wconf 90' lang='lat' dir='ltr'><strong>et</strong></span> <span class='ocrx_word' id='word_1_262' title='bbox 2004 3175 2341 3231; x_wconf 87' lang='lat' dir='ltr'><strong>innocentia</strong></span> <span class='ocrx_word' id='word_1_263' title='bbox 2378 3177 2472 3230; x_wconf 90' lang='lat' dir='ltr'><strong>est</strong></span> <span class='ocrx_word' id='word_1_264' title='bbox 2519 3171 2677 3231; x_wconf 86' lang='lat' dir='ltr'><strong>velle</strong></span> 
     </span>
     <span class='ocr_line' id='line_1_29' title="bbox 556 3255 2681 3349; baseline 0.001 -22"><span class='ocrx_word' id='word_1_265' title='bbox 556 3269 693 3328; x_wconf 90' lang='lat' dir='ltr'><strong>duci</strong></span> <span class='ocrx_word' id='word_1_266' title='bbox 730 3288 765 3327; x_wconf 90' lang='lat' dir='ltr'><strong>a</strong></span> <span class='ocrx_word' id='word_1_267' title='bbox 792 3268 1069 3329; x_wconf 89' lang='lat' dir='ltr'><strong>Domino.</strong></span> <span class='ocrx_word' id='word_1_268' title='bbox 1121 3269 1482 3328; x_wconf 85' lang='lat' dir='ltr'><strong>Informatus</strong></span> <span class='ocrx_word' id='word_1_269' title='bbox 1524 3274 1702 3330; x_wconf 86' lang='lat' dir='ltr'><strong>etiam</strong></span> <span class='ocrx_word' id='word_1_270' title='bbox 1741 3288 1906 3347; x_wconf 84' lang='lat' dir='ltr'><strong>sum,</strong></span> <span class='ocrx_word' id='word_1_271' title='bbox 1952 3273 2112 3349; x_wconf 89' lang='lat' dir='ltr'><strong>quod</strong></span> <span class='ocrx_word' id='word_1_272' title='bbox 2138 3267 2345 3333; x_wconf 74' lang='lat' dir='ltr'><strong>veru&#39;m</strong></span> <span class='ocrx_word' id='word_1_273' title='bbox 2385 3290 2503 3331; x_wconf 91' lang='lat' dir='ltr'><strong>non</strong></span> <span class='ocrx_word' id='word_1_274' title='bbox 2531 3255 2681 3332; x_wconf 60' lang='lat' dir='ltr'><strong>con-x</strong></span> 
     </span>
    </p>
   </div>
   <div class='ocr_carea' id='block_1_3' title="bbox 775 3432 966 3440">
    <p class='ocr_par' dir='ltr' id='par_1_4' title="bbox 775 3432 966 3440">
     <span class='ocr_line' id='line_1_30' title="bbox 775 3432 966 3440; baseline 0 1674"><span class='ocrx_word' id='word_1_275' title='bbox 775 3432 966 3440; x_wconf 95' lang='lat' dir='ltr'><strong> </strong></span> 
     </span>
    </p>
   </div>
   <div class='ocr_carea' id='block_1_4' title="bbox 546 3508 2684 3892">
    <p class='ocr_par' dir='ltr' id='par_1_5' title="bbox 546 3508 2684 3892">
     <span class='ocr_line' id='line_1_31' title="bbox 710 3508 2684 3587; baseline 0.001 -26"><span class='ocrx_word' id='word_1_276' title='bbox 710 3512 783 3574; x_wconf 83' lang='grc' dir='ltr'><strong>(ἰ)</strong></span> <span class='ocrx_word' id='word_1_277' title='bbox 829 3510 998 3587; x_wconf 77' lang='lat' dir='ltr'><strong>Quod</strong></span> <span class='ocrx_word' id='word_1_278' title='bbox 1037 3527 1237 3562; x_wconf 87' lang='lat' dir='ltr'><strong>omnes</strong></span> <span class='ocrx_word' id='word_1_279' title='bbox 1280 3508 1339 3560; x_wconf 83' lang='lat' dir='ltr'><strong>in</strong></span> <span class='ocrx_word' id='word_1_280' title='bbox 1383 3510 1588 3562; x_wconf 75' lang='lat' dir='ltr'><strong>intimo</strong></span> <span class='ocrx_word' id='word_1_281' title='bbox 1627 3510 1809 3562; x_wconf 88' lang='lat' dir='ltr'><strong>Coelo</strong></span> <span class='ocrx_word' id='word_1_282' title='bbox 1854 3512 1967 3564; x_wconf 87' lang='lat' dir='ltr'><strong>sint</strong></span> <span class='ocrx_word' id='word_1_283' title='bbox 2001 3512 2396 3575; x_wconf 83' lang='lat' dir='ltr'><strong>Innocentiae‚</strong></span> <span class='ocrx_word' id='word_1_284' title='bbox 2440 3529 2508 3562; x_wconf 84' lang='lat' dir='ltr'><strong>n:</strong></span> <span class='ocrx_word' id='word_1_285' title='bbox 2554 3518 2684 3571; x_wconf 84' lang='grc'><strong>154.</strong></span> 
     </span>
     <span class='ocr_line' id='line_1_32' title="bbox 549 3585 2676 3658; baseline 0.003 -21"><span class='ocrx_word' id='word_1_286' title='bbox 549 3594 721 3646; x_wconf 81' lang='lat'><strong>2736.</strong></span> <span class='ocrx_word' id='word_1_287' title='bbox 767 3593 935 3645; x_wconf 87' lang='grc'><strong>3887.</strong></span> <span class='ocrx_word' id='word_1_288' title='bbox 996 3588 1069 3639; x_wconf 92' lang='lat' dir='ltr'><strong>Et</strong></span> <span class='ocrx_word' id='word_1_289' title='bbox 1111 3586 1268 3658; x_wconf 88' lang='lat' dir='ltr'><strong>quod</strong></span> <span class='ocrx_word' id='word_1_290' title='bbox 1311 3585 1443 3639; x_wconf 86' lang='lat' dir='ltr'><strong>ideo</strong></span> <span class='ocrx_word' id='word_1_291' title='bbox 1488 3597 1808 3658; x_wconf 78' lang='lat' dir='ltr'><strong>appareant</strong></span> <span class='ocrx_word' id='word_1_292' title='bbox 1848 3587 1976 3640; x_wconf 83' lang='lat' dir='ltr'><strong>aliis</strong></span> <span class='ocrx_word' id='word_1_293' title='bbox 2017 3599 2081 3641; x_wconf 85' lang='lat' dir='ltr'><strong>ut</strong></span> <span class='ocrx_word' id='word_1_294' title='bbox 2121 3587 2397 3651; x_wconf 83' lang='lat' dir='ltr'><strong>Infantes,</strong></span> <span class='ocrx_word' id='word_1_295' title='bbox 2441 3604 2496 3639; x_wconf 82' lang='lat' dir='ltr'><strong>n:</strong></span> <span class='ocrx_word' id='word_1_296' title='bbox 2544 3593 2676 3647; x_wconf 79' lang='lat'><strong>154.</strong></span> 
     </span>
     <span class='ocr_line' id='line_1_33' title="bbox 553 3659 2680 3728; baseline 0.001 -17"><span class='ocrx_word' id='word_1_297' title='bbox 553 3659 720 3724; x_wconf 81' lang='lat' dir='ltr'><strong>Quod</strong></span> <span class='ocrx_word' id='word_1_298' title='bbox 764 3664 933 3714; x_wconf 87' lang='lat' dir='ltr'><strong>etiam</strong></span> <span class='ocrx_word' id='word_1_299' title='bbox 978 3662 1091 3715; x_wconf 87' lang='lat' dir='ltr'><strong>sint</strong></span> <span class='ocrx_word' id='word_1_300' title='bbox 1132 3662 1303 3726; x_wconf 89' lang='lat' dir='ltr'><strong>nudi,</strong></span> <span class='ocrx_word' id='word_1_301' title='bbox 1363 3680 1432 3714; x_wconf 84' lang='lat' dir='ltr'><strong>n:</strong></span> <span class='ocrx_word' id='word_1_302' title='bbox 1480 3671 1608 3723; x_wconf 71' lang='lat'>165,</span> <span class='ocrx_word' id='word_1_303' title='bbox 1657 3671 1828 3722; x_wconf 84' lang='lat'><strong>8375.</strong></span> <span class='ocrx_word' id='word_1_304' title='bbox 1874 3670 2040 3725; x_wconf 87' lang='grc'><strong>9960.</strong></span> <span class='ocrx_word' id='word_1_305' title='bbox 2125 3663 2288 3728; x_wconf 82' lang='lat' dir='ltr'><strong>Quod</strong></span> <span class='ocrx_word' id='word_1_306' title='bbox 2331 3662 2561 3716; x_wconf 83' lang='lat' dir='ltr'><strong>nuditas</strong></span> <span class='ocrx_word' id='word_1_307' title='bbox 2603 3662 2680 3715; x_wconf 82' lang='lat' dir='ltr'><strong>sit</strong></span> 
     </span>
     <span class='ocr_line' id='line_1_34' title="bbox 546 3737 2677 3815; baseline 0.001 -28"><span class='ocrx_word' id='word_1_308' title='bbox 546 3737 947 3800; x_wconf 83' lang='lat' dir='ltr'><strong>innocentiae,</strong></span> <span class='ocrx_word' id='word_1_309' title='bbox 1004 3756 1069 3790; x_wconf 75' lang='lat' dir='ltr'><strong>nt</strong></span> <span class='ocrx_word' id='word_1_310' title='bbox 1115 3746 1242 3798; x_wconf 84' lang='lat'><strong>165.</strong></span> <span class='ocrx_word' id='word_1_311' title='bbox 1290 3747 1456 3799; x_wconf 82' lang='lat'><strong>8375.</strong></span> <span class='ocrx_word' id='word_1_312' title='bbox 1554 3739 1723 3815; x_wconf 83' lang='lat' dir='ltr'><strong>Quod</strong></span> <span class='ocrx_word' id='word_1_313' title='bbox 1780 3756 1903 3791; x_wconf 87' lang='lat' dir='ltr'><strong>mos</strong></span> <span class='ocrx_word' id='word_1_314' title='bbox 1957 3739 2030 3791; x_wconf 83' lang='lat' dir='ltr'><strong>sit</strong></span> <span class='ocrx_word' id='word_1_315' title='bbox 2075 3739 2381 3811; x_wconf 82' lang='lat' dir='ltr'><strong>spiritibus</strong></span> <span class='ocrx_word' id='word_1_316' title='bbox 2426 3737 2677 3792; x_wconf 81' lang='lat' dir='ltr'><strong>testandi</strong></span> 
     </span>
     <span class='ocr_line' id='line_1_35' title="bbox 546 3813 2680 3892; baseline 0.001 -29"><span class='ocrx_word' id='word_1_317' title='bbox 546 3813 938 3866; x_wconf 85' lang='lat' dir='ltr'><strong>innocentiam</strong></span> <span class='ocrx_word' id='word_1_318' title='bbox 992 3831 1099 3886; x_wconf 89' lang='lat' dir='ltr'><strong>per</strong></span> <span class='ocrx_word' id='word_1_319' title='bbox 1138 3817 1439 3868; x_wconf 79' lang='lat' dir='ltr'><strong>extrahere</strong></span> <span class='ocrx_word' id='word_1_320' title='bbox 1470 3826 1660 3868; x_wconf 85' lang='lat' dir='ltr'><strong>vestes</strong></span> <span class='ocrx_word' id='word_1_321' title='bbox 1697 3825 1753 3868; x_wconf 90' lang='lat' dir='ltr'><strong>et</strong></span> <span class='ocrx_word' id='word_1_322' title='bbox 1790 3832 1849 3868; x_wconf 86' lang='lat' dir='ltr'><strong>se</strong></span> <span class='ocrx_word' id='word_1_323' title='bbox 1884 3815 2088 3869; x_wconf 82' lang='lat' dir='ltr'><strong>sistere</strong></span> <span class='ocrx_word' id='word_1_324' title='bbox 2121 3816 2341 3892; x_wconf 66' lang='lat' dir='ltr'><strong>nudos,</strong></span> <span class='ocrx_word' id='word_1_325' title='bbox 2396 3833 2466 3868; x_wconf 74' lang='lat' dir='ltr'><strong>nt</strong></span> <span class='ocrx_word' id='word_1_326' title='bbox 2511 3820 2680 3875; x_wconf 85' lang='lat'><strong>8375.</strong></span> 
     </span>
    </p>
   </div>
   <div class='ocr_carea' id='block_1_5' title="bbox 548 3896 716 3949">
    <p class='ocr_par' dir='ltr' id='par_1_6' title="bbox 548 3896 716 3949">
     <span class='ocr_line' id='line_1_36' title="bbox 548 3896 716 3949; baseline -0.024 0"><span class='ocrx_word' id='word_1_327' title='bbox 548 3896 716 3949; x_wconf 81' lang='lat'><strong>9960.</strong></span> 
     </span>
    </p>
   </div>
   <div class='ocr_carea' id='block_1_6' title="bbox 550 3983 2684 4360">
    <p class='ocr_par' dir='ltr' id='par_1_7' title="bbox 550 3983 2684 4360">
     <span class='ocr_line' id='line_1_37' title="bbox 706 3983 2682 4059; baseline 0.002 -24"><span class='ocrx_word' id='word_1_328' title='bbox 706 3984 792 4048; x_wconf 73' lang='lat' dir='ltr'><strong>(k)</strong></span> <span class='ocrx_word' id='word_1_329' title='bbox 836 3983 1006 4059; x_wconf 82' lang='lat' dir='ltr'><strong>Quod</strong></span> <span class='ocrx_word' id='word_1_330' title='bbox 1041 4000 1210 4036; x_wconf 84' lang='lat' dir='ltr'><strong>omne</strong></span> <span class='ocrx_word' id='word_1_331' title='bbox 1250 3983 1469 4036; x_wconf 86' lang='lat' dir='ltr'><strong>bonum</strong></span> <span class='ocrx_word' id='word_1_332' title='bbox 1510 3985 1726 4038; x_wconf 84' lang='lat' dir='ltr'><strong>amoris</strong></span> <span class='ocrx_word' id='word_1_333' title='bbox 1768 3995 1824 4038; x_wconf 86' lang='lat' dir='ltr'><strong>et</strong></span> <span class='ocrx_word' id='word_1_334' title='bbox 1864 4003 2068 4039; x_wconf 81' lang='lat' dir='ltr'><strong>verum</strong></span> <span class='ocrx_word' id='word_1_335' title='bbox 2097 3984 2229 4039; x_wconf 84' lang='lat' dir='ltr'><strong>fidei</strong></span> <span class='ocrx_word' id='word_1_336' title='bbox 2261 3985 2319 4039; x_wconf 87' lang='lat' dir='ltr'><strong>in</strong></span> <span class='ocrx_word' id='word_1_337' title='bbox 2360 4003 2419 4039; x_wconf 85' lang='lat' dir='ltr'><strong>se</strong></span> <span class='ocrx_word' id='word_1_338' title='bbox 2462 3984 2682 4038; x_wconf 84' lang='lat' dir='ltr'><strong>habere</strong></span> 
     </span>
     <span class='ocr_line' id='line_1_38' title="bbox 550 4058 2679 4126; baseline 0.001 -14"><span class='ocrx_word' id='word_1_339' title='bbox 550 4058 761 4112; x_wconf 86' lang='lat' dir='ltr'><strong>debeat</strong></span> <span class='ocrx_word' id='word_1_340' title='bbox 803 4058 1224 4120; x_wconf 83' lang='lat' dir='ltr'><strong>innocentiam,</strong></span> <span class='ocrx_word' id='word_1_341' title='bbox 1287 4068 1350 4111; x_wconf 86' lang='lat' dir='ltr'><strong>ut</strong></span> <span class='ocrx_word' id='word_1_342' title='bbox 1391 4060 1464 4112; x_wconf 79' lang='lat' dir='ltr'><strong>sit</strong></span> <span class='ocrx_word' id='word_1_343' title='bbox 1504 4060 1725 4113; x_wconf 86' lang='lat' dir='ltr'><strong>honum</strong></span> <span class='ocrx_word' id='word_1_344' title='bbox 1775 4071 1833 4113; x_wconf 89' lang='lat' dir='ltr'><strong>et</strong></span> <span class='ocrx_word' id='word_1_345' title='bbox 1873 4079 2109 4126; x_wconf 78' lang='lat' dir='ltr'><strong>verum,</strong></span> <span class='ocrx_word' id='word_1_346' title='bbox 2173 4079 2241 4113; x_wconf 85' lang='lat' dir='ltr'><strong>n:</strong></span> <span class='ocrx_word' id='word_1_347' title='bbox 2287 4070 2455 4122; x_wconf 80' lang='lat'><strong>2526.</strong></span> <span class='ocrx_word' id='word_1_348' title='bbox 2501 4069 2679 4121; x_wconf 85' lang='lat'><strong>2780.</strong></span> 
     </span>
     <span class='ocr_line' id='line_1_39' title="bbox 565 4136 2681 4216; baseline 0.001 -21"><span class='ocrx_word' id='word_1_349' title='bbox 565 4143 733 4195; x_wconf 88' lang='grc'><strong>3111.</strong></span> <span class='ocrx_word' id='word_1_350' title='bbox 780 4142 949 4195; x_wconf 84' lang='grc'><strong>3994.</strong></span> <span class='ocrx_word' id='word_1_351' title='bbox 990 4142 1158 4194; x_wconf 80' lang='lat'>6013·</span> <span class='ocrx_word' id='word_1_352' title='bbox 1200 4141 1367 4195; x_wconf 79' lang='lat'><strong>7840.</strong></span> <span class='ocrx_word' id='word_1_353' title='bbox 1414 4143 1581 4195; x_wconf 79' lang='lat'><strong>9262·</strong></span> <span class='ocrx_word' id='word_1_354' title='bbox 1627 4144 1834 4197; x_wconf 85' lang='lat'><strong>10134.</strong></span> <span class='ocrx_word' id='word_1_355' title='bbox 1903 4137 2072 4216; x_wconf 78' lang='lat' dir='ltr'><strong>Quod</strong></span> <span class='ocrx_word' id='word_1_356' title='bbox 2117 4136 2448 4192; x_wconf 86' lang='lat' dir='ltr'><strong>innocentia</strong></span> <span class='ocrx_word' id='word_1_357' title='bbox 2493 4138 2567 4191; x_wconf 79' lang='lat' dir='ltr'><strong>sit</strong></span> <span class='ocrx_word' id='word_1_358' title='bbox 2594 4154 2681 4190; x_wconf 70' lang='lat'><strong>08·</strong></span> 
     </span>
     <span class='ocr_line' id='line_1_40' title="bbox 553 4210 2684 4290; baseline 0.001 -25"><span class='ocrx_word' id='word_1_359' title='bbox 553 4212 793 4265; x_wconf 84' lang='lat' dir='ltr'><strong>sentiale</strong></span> <span class='ocrx_word' id='word_1_360' title='bbox 836 4210 975 4264; x_wconf 80' lang='lat' dir='ltr'><strong>boni</strong></span> <span class='ocrx_word' id='word_1_361' title='bbox 1018 4220 1076 4264; x_wconf 89' lang='lat' dir='ltr'><strong>et</strong></span> <span class='ocrx_word' id='word_1_362' title='bbox 1115 4211 1272 4273; x_wconf 84' lang='lat' dir='ltr'><strong>veri,</strong></span> <span class='ocrx_word' id='word_1_363' title='bbox 1325 4229 1392 4262; x_wconf 85' lang='lat' dir='ltr'><strong>n:</strong></span> <span class='ocrx_word' id='word_1_364' title='bbox 1437 4220 1609 4272; x_wconf 77' lang='lat'><strong>2780.</strong></span> <span class='ocrx_word' id='word_1_365' title='bbox 1656 4220 1824 4272; x_wconf 84' lang='lat'><strong>7840.</strong></span> <span class='ocrx_word' id='word_1_366' title='bbox 1909 4213 2086 4290; x_wconf 77' lang='lat' dir='ltr'><strong>Quod.</strong></span> <span class='ocrx_word' id='word_1_367' title='bbox 2119 4231 2292 4266; x_wconf 87' lang='lat' dir='ltr'><strong>nemo</strong></span> <span class='ocrx_word' id='word_1_368' title='bbox 2336 4215 2394 4267; x_wconf 88' lang='lat' dir='ltr'><strong>in</strong></span> <span class='ocrx_word' id='word_1_369' title='bbox 2437 4214 2684 4268; x_wconf 88' lang='lat' dir='ltr'><strong>Coelum</strong></span> 
     </span>
     <span class='ocr_line' id='line_1_41' title="bbox 550 4286 2265 4360; baseline -0.001 -15"><span class='ocrx_word' id='word_1_370' title='bbox 550 4287 883 4345; x_wconf 76' lang='lat' dir='ltr'><strong>admittatur</strong></span> <span class='ocrx_word' id='word_1_371' title='bbox 926 4286 1037 4342; x_wconf 89' lang='lat' dir='ltr'><strong>nisi</strong></span> <span class='ocrx_word' id='word_1_372' title='bbox 1082 4287 1133 4341; x_wconf 89' lang='lat' dir='ltr'><strong>ei</strong></span> <span class='ocrx_word' id='word_1_373' title='bbox 1177 4287 1250 4341; x_wconf 87' lang='lat' dir='ltr'><strong>sit</strong></span> <span class='ocrx_word' id='word_1_374' title='bbox 1289 4287 1510 4360; x_wconf 84' lang='lat' dir='ltr'><strong>aliquid</strong></span> <span class='ocrx_word' id='word_1_375' title='bbox 1555 4288 1939 4356; x_wconf 85' lang='lat' dir='ltr'><strong>innocentiae,</strong></span> <span class='ocrx_word' id='word_1_376' title='bbox 1985 4308 2050 4344; x_wconf 85' lang='lat' dir='ltr'><strong>n:</strong></span> <span class='ocrx_word' id='word_1_377' title='bbox 2095 4297 2265 4354; x_wconf 81' lang='lat'><strong>4797.</strong></span> 
     </span>
    </p>
   </div>
  </div>
 </body>
</html>
