3013 5114
563 406 670 458 112
826 424 829 427 ·
1172 395 1266 452 DE
1309 396 1544 453 COELO
1585 397 1681 452 ET
1717 396 2056 457 INFERNO.

976 551 1104 618 De
1158 546 1774 646 Regiminihus
1828 550 1912 619 in
1969 545 2263 618 Coelo.

720 702 881 760 213.
939 699 1100 775 Quia
1136 699 1384 760 Coelum
1423 701 1770 760 distinctum
1808 707 1903 760 est
1935 702 1996 759 in
2036 698 2405 774 SocietateS,
2468 708 2531 760 et
2567 701 2684 761 So-

565 806 814 863 cietates
851 801 1111 877 majores
1152 804 1486 861 consistunt
1535 819 1610 860 ex
1660 801 1890 877 aliquot
1933 803 2199 861 centenis
2251 800 2515 860 millibus
2553 802 2685 861 An-

562 904 863 982 gelorum,
904 919 974 959 n:
1023 902 1144 977 503
1203 909 1264 961 et
1297 919 1504 962 omnes
1541 905 1698 961 intra
1738 901 2102 961 Societatem
2143 902 2385 977 quidem
2410 905 2470 961 in
2505 903 2687 962 simili

561 1005 716 1063 bono
765 1010 930 1076 sunt,
987 1002 1096 1060 sed
1138 1020 1258 1079 non
1304 1005 1365 1062 in
1416 1003 1597 1061 simili
1648 1005 1974 1080 sapientia,
2028 1020 2093 1061 n:
2148 1004 2274 1077 43,
2337 1006 2685 1063 necessario

567 1107 869 1180 sequitur,
928 1102 1089 1179 quod
1139 1105 1319 1162 etiam
1357 1103 1675 1179 Regimina
1709 1105 1862 1178 sint3
1919 1101 2083 1162 Ordo
2117 1091 2288 1187 {enim
2330 1110 2422 1163 est
2469 1104 2685 1163 obser-

561 1205 826 1278 vanduS,
901 1221 971 1262 ac
1030 1207 1227 1262 omnia
1286 1203 1528 1264 Ordinis
1581 1202 1991 1262 custodienda.
2097 1202 2220 1263 Sed
2264 1204 2580 1280 Regimina
2622 1207 2687 1264 in

566 1305 765 1366 Coelis
803 1311 943 1363 sunt
982 1306 1149 1364 varia
1162 1324 1178 1379 3
1235 1305 1356 1363 alia
1387 1306 1451 1363 in
1486 1303 1894 1363 Societatibus
1932 1321 2089 1379 quae
2141 1307 2509 1364 constituunt
2554 1305 2682 1365 Re-

564 1425 755 1487 gnum
789 1406 1052 1465 coeleste
1099 1405 1370 1479 Domini,
1441 1411 1502 1464 et
1538 1405 1660 1463 alia
1692 1406 1754 1463 in
1791 1404 2193 1464 societatibus
2249 1422 2403 1481 quae
2454 1408 2685 1466 consti-

566 1513 739 1567 tuunt
785 1506 1058 1582 Regnum
1109 1504 1420 1581 spirituale
1468 1505 1738 1581 Domini3
1794 1505 2073 1564 differunt
2125 1506 2305 1565 etiam
2353 1506 2686 1565 secundum

563 1608 897 1666 Ministeria
944 1622 1100 1681 quae
1146 1609 1337 1664 cuivis
1389 1605 1693 1666 Societati.
1786 1605 1908 1665 Sed
1953 1607 2015 1664 in
2077 1604 2276 1666 Goelis
2327 1624 2447 1665 non
2509 1606 2686 1666 datur

566 1707 732 1766 aliud
781 1707 1074 1783 Regimen
1135 1725 1315 1782 quam
1359 1706 1653 1783 Regimen
1715 1709 1935 1765 amoris
1989 1708 2210 1782 mutui,
2284 1713 2345 1766 et
2390 1707 2687 1785 Regimen

565 1810 784 1868 amoris
821 1810 1014 1867 mutui
1051 1813 1144 1865 est
1176 1808 1468 1884 Regimen
1504 1808 1789 1866 coeleste.

721 1911 883 1967 214.
937 1908 1231 1984 Regimen
1266 1910 1326 1966 in
1360 1908 1571 1985 Regno
1599 1905 1868 1967 Coelesti
1901 1908 2144 1967 Domini
2179 1914 2429 1970 vocatur
2464 1909 2682 1969 Juswr-

561 2030 695 2079 rm,
732 2011 873 2086 quia
908 2026 1148 2079 omnes,
1187 2014 1289 2086 qui
1323 2010 1434 2080 ibi,
1481 2012 1544 2067 in
1580 2009 1737 2068 bono
1774 2011 1992 2069 amoris
2027 2011 2090 2066 in
2123 2010 2444 2068 Dominum
2481 2027 2518 2067 a
2550 2009 2686 2070 Do-

561 2113 720 2169 mino
757 2117 923 2183 sunt,
991 2115 1050 2167 et
1087 2110 1247 2184 quod
1283 2127 1359 2188 ex
1404 2104 1509 2168 illo
1545 2109 1701 2167 bono
1737 2109 1832 2184 fit,
1890 2117 2141 2172 vocatur
2176 2108 2437 2168 Justum.
2491 2110 2681 2187 Regi-

558 2228 697 2268 men
735 2209 820 2267 ibi
865 2214 960 2268 est
1013 2207 1212 2268 Solius
1260 2211 1533 2284 Domini,
1601 2209 1745 2286 Ipse
1807 2211 1943 2269 illos
1998 2211 2187 2285 ducit,
2261 2226 2333 2269 ac
2383 2212 2447 2268 in
2497 2211 2681 2270 rebus

559 2312 720 2368 vitae
781 2308 986 2367 docet:
1069 2327 1244 2383 vera,
1313 2327 1471 2387 quae
1535 2309 1763 2369 Judicii
1822 2318 2145 2386 vocantur,
2201 2316 2340 2369 sunt
2402 2312 2685 2371 cordibus

519 2428 764 2470 ,eorum
812 2411 1133 2486 inscripta3
1204 2413 1459 2488 quisque
1525 2410 1630 2469 illa
1689 2413 1834 2486 scit,
1898 2414 2187 2490 percipit,
2251 2416 2311 2470 et
2371 2412 2537 2471 videt
2573 2407 2679 2505 (r),

561 2519 930 2591 quapropter
969 2529 1065 2571 res
1103 2512 1328 2572 Judicii
1362 2529 1661 2589 nusquam
1697 2514 1780 2573 ibi
1814 2515 1877 2572 in
1909 2512 2076 2574 litem
2111 2514 2389 2588 veniunt,
2428 2513 2540 2573 sed
2580 2529 2682 2574 res

558 2614 845 2676 ‚Iustitiae
885 2632 1037 2690 quae
1075 2621 1215 2673 sunt
1248 2616 1443 2673 vitae:
1499 2616 1694 2672 minus
1732 2616 2037 2691 sapientes
2075 2614 2149 2673 de
2185 2613 2278 2672 his
2312 2617 2683 2691 interrogant

560 2716 988 2792 sapientioreS,
1043 2720 1103 2774 et
1146 2715 1209 2773 hi
1246 2716 1597 2788 Dominum,
1654 2732 1725 2773 ac
1784 2732 2079 2791 responsa
2122 2716 2339 2774 ferunt.
2432 2713 2684 2775 Coelum

561 2833 796 2889 eorum,
863 2830 972 2872 seu
1021 2817 1293 2873 intimum
1351 2814 1634 2891 gaudium
1687 2832 1927 2888 eorum,
1991 2823 2087 2877 est
2144 2818 2353 2876 vivere
2411 2815 2592 2876 Juste
2643 2833 2683 2875 a

555 2916 832 2975 Domino.

747 3016 910 3073 215.
998 3013 1292 3089 Regimen
1367 3016 1429 3073 in
1483 3015 1697 3092 Regno
1763 3015 2078 3094 Spirituali
2131 3017 2372 3076 Domini
2429 3022 2681 3077 vocatur

558 3113 889 3190 Jumcmm,
946 3115 1087 3190 quia
1142 3118 1204 3173 in
1258 3115 1427 3175 Bono
1486 3118 1786 3193 spirituali
1840 3124 2012 3187 sunt,
2075 3118 2235 3194 quod
2289 3124 2383 3179 est
2443 3119 2681 3178 Bonum

560 3214 877 3275 Charitatis
948 3231 1094 3292 erga
1148 3218 1521 3292 proximum,
1594 3225 1655 3276 et
1710 3217 1827 3277 hoc
1883 3218 2116 3276 Bonum
2165 3221 2228 3277 in
2279 3236 2393 3277 sua
2458 3233 2676 3279 essen-

555 3319 643 3376 tia
686 3324 780 3376 est
813 3316 1043 3376 Verum
1076 3312 1189 3398 (s);
1230 3333 1300 3375 ac
1336 3316 1565 3376 Verum
1593 3325 1686 3377 est
1721 3318 1946 3378 Judicii
1983 3325 2042 3378 et
2076 3319 2312 3380 Bonum
2348 3325 2441 3379 est
2476 3319 2676 3379 Justi-

709 3551 791 3618 (r)
847 3549 1014 3617 Quod
1065 3550 1270 3623 Angeli
1325 3551 1608 3605 coelestes
1660 3568 1778 3603 non
1834 3550 2091 3623 cogitent
2142 3561 2201 3606 et
2250 3553 2567 3624 loquantur
2606 3567 2681 3605 ex

557 3626 712 3679 veris
764 3638 943 3697 prout
995 3627 1199 3699 Angeli
1257 3628 1621 3699 spirituale8‚
1686 3627 1957 3700 quoniam
2013 3628 2073 3680 in
2132 3629 2514 3701 perceptione
2557 3645 2679 3679 om-

553 3701 712 3752 nium
755 3720 901 3773 quae
942 3704 1065 3756 veri
1112 3713 1244 3756 sunt
1285 3721 1314 3755 a
1356 3704 1641 3765 Domine,
1705 3720 1770 3754 nt
1815 3711 1943 3763 20‘2.
1980 3710 2111 3763 597.
2156 3712 2282 3764 607.
2329 3709 2456 3765 784.
2503 3710 2676 3763 1121,

554 3784 723 3837 1387.
766 3786 933 3837 1398.
978 3785 1147 3838 1442.
1191 3787 1360 3839 1919.
1406 3787 1571 3840 7680.
1618 3786 1784 3839 7877·
1824 3787 1993 3840 8780.
2031 3787 2198 3839 9277·
2234 3788 2443 3840 10336.
2503 3778 2680 3857 Quod

555 3852 755 3923 Angeli
800 3855 1083 3906 coelestes
1124 3854 1194 3908 de
1236 3856 1392 3907 veris
1436 3856 1632 3908 dicant
1674 3856 1753 3908 ita
1794 3854 1870 3908 ita
1912 3855 2006 3908 vel
2047 3874 2165 3908 non
2205 3873 2355 3918 non,
2418 3865 2477 3908 at
2517 3853 2682 3926 quod.

552 3927 755 4001 Angeli
799 3929 1129 4000 spirituales
1170 3930 1596 3984 ratiocinentur
1645 3930 1717 3984 de
1778 3929 1926 3996 iuis,
1990 3949 2127 3984 num
2170 3932 2246 3985 ita
2289 3932 2365 3985 sit
2419 3931 2516 3984 vel
2556 3948 2681 3984 non

551 4003 631 4056 ita
685 4003 795 4066 sit,
859 4022 926 4056 n:
983 4012 1154 4064 2715.
1209 4012 1376 4065 3246.
1434 4013 2079 4076 4446.9166.10786;
2143 4008 2245 4061 ubi
2309 4006 2677 4080 explicantur

548 4078 780 4131 Domini
823 4078 1036 4143 verba,
1102 4081 1276 4134 Esto
1339 4097 1578 4135 sermo
1632 4092 1885 4136 vester
1946 4084 2048 4136 ita
2102 4083 2242 4148 ita,
2308 4100 2450 4135 non
2490 4099 2669 4148 non,

549 4154 739 4228 quod
781 4155 977 4207 ultra
1019 4156 1192 4207 haec
1236 4166 1375 4219 est,
1419 4174 1500 4210 ex
1543 4158 1729 4210 malo
1772 4169 1911 4222 est,
1968 4160 2186 4213 Matth:
2233 4162 2316 4212 Vt
2361 4167 2454 4220 37.

699 4232 778 4297 (s)
841 4229 1012 4307 Quod
1052 4231 1252 4303 quiin
1294 4233 1496 4305 Regno
1541 4234 1828 4304 spirituali
1871 4245 2033 4299 sunt,
2097 4234 2157 4287 in
2201 4235 2357 4289 veris
2399 4236 2545 4298 sint,
2611 4244 2674 4288 et

548 4307 649 4380 qui
691 4309 752 4361 in
793 4310 993 4379 Regno
1036 4307 1274 4362 coelesti
1318 4310 1376 4360 in
1416 4309 1598 4374 bono,
1643 4327 1710 4363 n:
1754 4317 1882 4372 863.
1926 4319 2061 4372 875.
2104 4319 2232 4373 927.
2279 4317 2450 4373 1023.
2500 4317 2674 4372 1043.
