3013 5114
568 401 673 452 122
1182 386 1274 440 DE
1319 386 1554 441 COELO
1595 386 1689 440 ET
1729 385 2064 444 INFERNO.

571 549 813 626 Quanta
847 548 1119 623 potentia
1155 545 1386 624 angelis
1427 552 1520 606 est
1554 564 1666 624 per
1709 565 1854 606 vera
1904 564 1980 606 ex
2026 546 2214 620 bon0,
2278 549 2472 622 patuit
2508 550 2690 608 etiam

566 668 641 708 ex
677 667 782 726 eo,
823 649 980 725 quod
1019 648 1212 706 malus
1249 649 1495 724 spiritus
1540 647 1732 706 solum
1768 650 2079 724 inspectus
2116 647 2190 705 ab
2228 647 2479 723 Angelis
2515 648 2695 707 cadat

565 753 627 809 in
663 749 1023 826 deliquium,
1091 757 1150 807 et
1182 766 1302 808 non
1339 755 1631 825 appareat
1677 754 1744 807 ut
1785 749 1995 823 homo,
2062 754 2121 807 et
2147 747 2269 808 hoc
2317 765 2509 824 usque
2547 748 2689 807 dum

487 840 490 845 ’
565 849 838 928 Angelus
875 853 1092 909 avertit
1130 850 1365 910 oculos:
1423 866 1611 909 causa
1648 849 1806 927 quod
1855 849 1975 908 tale
2029 832 2141 926 per
2187 856 2496 925 aspectum
2536 867 2685 909 ocu-

563 950 757 1010 lorum
803 950 1171 1028 Angelorum
1223 953 1471 1025 existat,
1537 956 1629 1010 est
1674 952 1812 1026 quia
1857 955 2023 1008 visus
2065 950 2433 1035 Angglorum
2484 954 2691 1009 estex

462 1088 467 1091 -
569 1050 708 1110 luce
747 1051 929 1123 coeli,
997 1057 1057 1109 et
1090 1051 1190 1109 lux
1233 1052 1385 1111 coeli
1424 1058 1518 1109 est
1559 1051 1840 1110 Divinum
1884 1049 2139 1126 Verum,
2196 1050 2470 1119 videatur
2503 1067 2693 1128 supra

566 1170 639 1212 n:
687 1155 823 1211 126
855 1150 932 1209 ad
967 1155 994 1210 1
1015 1153 1137 1210 32:
1177 1152 1333 1210 oculi
1363 1155 1542 1211 etiam
1580 1151 2050 1227 correspondent
2088 1153 2245 1209 veris
2283 1169 2357 1210 ex
2391 1150 2549 1211 bono
2572 1142 2683 1232 (ii).

725 1254 884 1312 233.
939 1252 1233 1328 Quoniam
1284 1255 1474 1312 omnis
1523 1254 1793 1329 potentia
1842 1258 1935 1310 est
1969 1254 2129 1310 veris
2187 1270 2262 1312 ex
2310 1251 2494 1327 bono,
2527 1230 2688 1311 ‘finde

564 1353 734 1413 nulla
766 1370 1014 1430 prorsus
1052 1356 1323 1430 potentia
1359 1360 1452 1413 est
1484 1353 1653 1412 falsis
1686 1372 1759 1412 ex
1797 1353 1953 1412 malo
1990 1349 2136 1435 (kk).
2226 1350 2449 1412 Omnes
2484 1355 2545 1410 in
2578 1352 2686 1410 In-

563 1455 731 1514 ferno
780 1462 918 1512 sunt
964 1455 1025 1511 in
1065 1453 1232 1512 falsis
1287 1472 1360 1512 ex
1414 1454 1604 1527 malo,
1662 1471 1846 1530 quare
1900 1453 2017 1513 illis
2065 1454 2231 1512 nulla
2278 1455 2546 1530 potentia
2594 1459 2691 1512 est

563 1561 769 1614 contra
806 1572 1012 1612 verum
1053 1563 1112 1613 et
1148 1553 1398 1612 bonum:
1455 1555 1566 1613 sed
1602 1555 1795 1630 qualis
1831 1554 2070 1613 illorum
2106 1557 2374 1631 potentia
2411 1559 2504 1613 est
2528 1555 2686 1612 inter

563 1672 662 1730 se,
721 1661 780 1713 et
818 1654 1015 1729 qualis
1053 1658 1324 1730 potentia
1369 1657 1661 1731 malorum
1699 1658 2013 1732 spirituum
2054 1662 2148 1714 est
2179 1663 2500 1731 antequam
2537 1671 2686 1713 con.-

547 1755 696 1832 jecti
732 1761 870 1813 sunt
903 1757 961 1813 in
1002 1757 1329 1828 infernum,¹
1383 1759 1440 1814 in
1478 1756 1874 1832 sequentibus
1904 1757 2154 1817 dicetur.

1009 1965 1134 2033 De
1189 1960 1601 2058 Loquela
1654 1959 2218 2056 Angelorum.

716 2117 878 2173 234.
956 2114 1172 2189 Angeli
1226 2116 1380 2171 inter
1421 2129 1488 2170 se
1529 2113 1858 2189 loquuntur
1905 2129 2155 2189 prorsus
2201 2115 2357 2173 sicut
2404 2110 2691 2181 homlnes

556 2218 617 2273 in
651 2214 903 2287 mund0,
962 2221 1023 2272 et
1064 2230 1302 2288 quoque
1346 2213 1420 2271 'de
1458 2213 1641 2271 rebus
1685 2214 1904 2285 variis,
1955 2220 2024 2270 ut
2059 2214 2133 2272 de
2168 2213 2351 2272 rebus
2390 2212 2682 2273 domesti-

555 2316 672 2388 cis,
729 2313 802 2372 de
855 2313 1036 2372 rebus
1086 2319 1279 2371 status
1330 2313 1555 2385 civiliS,
1613 2313 1686 2371 de
1738 2312 1919 2371 rebus
1969 2317 2130 2373 vitae
2171 2314 2444 2386 morafie,
2500 2323 2561 2375 et
2606 2315 2682 2374 de

551 2415 734 2475 rebus
773 2416 935 2472 vitae
977 2413 1344 2500 spiritualis;
1402 2431 1513 2472 nec
1561 2413 1876 2472 intercedit
1920 2413 2040 2472 alia
2087 2410 2444 2489 differentia,
2502 2433 2682 2490 quam

557 2517 716 2593 quod
750 2515 1215 2591 intelligentiuS,
1282 2517 1420 2591 quia
1466 2517 1717 2574 interius
1770 2532 1806 2572 a
1843 2516 2240 2600 cogitat-ione.
2290 2517 2445 2574 inter
2480 2533 2547 2575 se
2581 2515 2694 2574 lo-

556 2625 818 2694 quantur
853 2615 1033 2693 quam
1069 2617 1359 2675 homines.
1450 2617 1674 2675 Datum
1730 2623 1821 2675 est
1869 2616 2013 2678 mihi
2063 2634 2249 2694 saepe
2287 2634 2422 2676 cum
2465 2616 2585 2675 illis
2619 2618 2686 2675 in

550 2720 848 2778 consortio
899 2734 1061 2790 csse,
1121 2726 1181 2775 et
1230 2718 1394 2792 loqui
1437 2717 1729 2776 cumillis
1782 2718 1940 2775 sicut
2003 2719 2229 2775 amicus
2279 2734 2414 2778 cum
2463 2720 2675 2791 amice,

555 2825 615 2876 et
650 2816 1011 2898 quandoque
1061 2820 1216 2874 sicut
1250 2820 1488 2893 ignotus
1528 2836 1662 2875 cum
1696 2819 1924 2893 ignote,
1965 2825 2027 2875 et
2062 2824 2200 2876 tunc
2240 2819 2382 2893 quia
2415 2820 2477 2876 in
2515 2824 2683 2880 statu

551 2918 727 2975 simili
764 2934 901 2976 cum
937 2916 1056 2973 illis
1099 2919 1199 2990 fui,
1249 2934 1368 2974 non
1402 2921 1553 2976 scivi
1582 2918 1756 2976 aliter
1783 2936 1961 2994 quam
1991 2918 2150 2993 quod
2178 2936 2312 2996 cum
2337 2915 2678 2999 hominibus

548 3017 607 3073 in
643 3017 861 3076 tellure
899 3016 1193 3092 loquerer.

706 3118 868 3174 235.
944 3115 1217 3192 Loquela
1268 3117 1563 3193 Angelica
1610 3135 1802 3193 aeque
1860 3119 2141 3178 distincta
2190 3128 2285 3179 est
2343 3123 2406 3180 in
2464 3136 2670 3194 voceS,

547 3220 706 3276 sicut
739 3216 981 3292 loquela
1013 3217 1276 3274 humana
1289 3237 1305 3292 3
1363 3220 1542 3276 etiam
1582 3236 1773 3294 aeque
1810 3235 2025 3278 sonore
2065 3224 2406 3279 enuntiatur
2461 3227 2521 3279 et
2566 3236 2674 3279 so-

545 3335 691 3377 nore
733 3317 971 3375 auditur
984 3338 1000 3393 3
1057 3324 1197 3376 sunt
1235 3320 1392 3376 enim
1430 3318 1549 3377 illis
1588 3336 1781 3395 aeque
1820 3335 1914 3393 οε,
1971 3318 2206 3396 lingua,
2261 3328 2323 3381 et
2356 3337 2563 3395 aures;
2613 3326 2678 3380 et

551 3436 790 3496 quoque
826 3418 945 3476 illis
985 3426 1078 3477 est
1113 3418 1568 3494 atmosphaera,
1608 3421 1667 3477 in
1704 3438 1822 3495 qua
1857 3420 2211 3478 articulatur
2245 3438 2427 3480 sonus
2454 3421 2674 3497 loque-

541 3521 640 3579 lae
674 3520 943 3593 illorum,
984 3519 1092 3577 sed
1131 3526 1224 3578 est
1265 3520 1696 3596 atmosphaera
1730 3519 2099 3595 sptritualis,
2137 3538 2293 3596 quae
2331 3519 2673 3580 accommo-

546 3619 686 3678 data
723 3628 817 3679 est
842 3619 1092 3696 Angelis
1132 3622 1234 3696 qui
1263 3619 1641 3697 spirituales;
1678 3621 1981 3696 respirant
2016 3623 2195 3679 etiam
2222 3621 2440 3698 Angeli
2473 3625 2538 3682 in
2560 3638 2677 3681 sua

541 3883 650 3938 per
702 3865 904 3919 sedere
956 3866 1027 3918 ad
1080 3866 1336 3921 dextram
1378 3869 1663 3933 Jehovae‚
1728 3887 1794 3922 ιι·
1852 3877 2021 3931 3387.
2071 3879 2240 3933 4592.
2296 3878 2464 3932 4933.
2503 3879 2670 3932 7518.

543 3948 711 4003 7673.
763 3949 934 4002 8281.
964 3948 1131 4002 9133.
1215 3941 1381 4007 Quod
1425 3943 1623 3997 dextra
1660 3946 1736 3998 sit
1768 3947 2050 4017 potentia,
2093 3965 2161 4000 ιι.
2207 3956 2411 4008 10019.

692 4034 790 4100 (ii)
832 4035 1003 4112 Quod
1039 4035 1193 4087 oculi
1233 4038 1732 4107 correspondeunt
1767 4040 1927 4093 veris
1968 4058 2037 4094 ex
2083 4041 2266 4106 hone,
2308 4059 2375 4095 ιι.
2420 4049 2569 4103 4403
2602 4027 2712 4096 αἶ’

542 4118 714 4175 4421.
760 4117 910 4172 4523
946 4110 1016 4163 ad
1059 4118 1226 4172 4534·
1262 4119 1432 4171 6923

701 4205 825 4271 (kk)
882 4201 1048 4269 Quod
1081 4203 1227 4257 falso
1263 4222 1332 4259 ex
1374 4207 1526 4260 malo
1574 4209 1646 4261 sit
1687 4209 1843 4263 nulla
1890 4212 2179 4282 potentia,
2243 4211 2378 4283 quia
2418 4228 2565 4265 vero
2607 4230 2678 4265 ex

535 4281 695 4334 bono
739 4291 824 4334 cst
875 4279 1092 4344 omnis,
1140 4298 1205 4332 n:
1248 4289 1656 4345 678410481.
