3013 5114
550 418 658 468 106
1160 401 1253 456 DE
1296 399 1537 456 COELO
1579 399 1673 454 ET
1712 399 2045 454 INFERNO.

550 566 695 626 ordo
735 581 844 623 seu
894 565 1091 639 imago
1146 561 1342 637 Coeli3
1405 561 1544 621 inde
1599 567 1796 638 patet,
1854 561 1995 636 quid
2049 561 2128 618 sit
2181 575 2319 619 esse
2372 561 2430 617 in
2479 559 2672 618 forma

550 666 720 739 coeli,
762 664 919 740 quod
946 681 1162 739 nempe
1203 664 1280 721 sit
1311 664 1515 721 vivere
1554 663 1883 721 secundum
1910 660 2016 719 illa
2054 678 2209 736 quae
2247 662 2307 719 in
2344 658 2549 719 Verbo
2576 655 2667 742 (l).

707 767 867 825 203.
923 764 1223 840 Quantum
1273 763 1496 840 aliquis
1551 764 1609 820 in
1647 764 1839 822 forma
1894 760 2049 821 coeli
2102 767 2223 834 est,
2290 767 2521 819 tantum
2579 766 2673 819 est

548 870 608 927 in
664 867 832 926 coelo
847 911 864 940 ‚
919 869 1037 923 imo
1073 871 1304 923 tantum
1343 871 1435 923 est
1472 863 1719 924 Coelum
1755 866 1817 922 in
1855 865 2093 920 minima
2134 863 2353 936 forma,
2416 880 2485 920 n:
2546 863 2626 920 57
2652 881 2668 936 3

547 967 799 1046 proinde
837 972 1066 1024 tantum
1107 973 1200 1024 est
1227 968 1284 1023 in
1312 965 1704 1041 intelligentia
1744 972 1803 1023 et
1830 965 2126 1039 sapientia
2140 983 2155 1037 3
2193 981 2346 1032 nam,
2386 969 2672 1039 utsupra

552 1070 771 1128 dictum
818 1073 942 1136 est,
997 1069 1186 1125 omnis
1238 1067 1519 1142 cogitatio
1572 1083 1725 1141 quae
1772 1064 2114 1123 intellectus
2166 1063 2325 1140 ejuS‚
2384 1069 2443 1120 et
2482 1064 2669 1120 omnis

552 1169 784 1228 affectio
850 1185 1004 1243 quae
1052 1168 1374 1225 voluntatis
1434 1167 1602 1243 ejuS‚
1654 1182 1720 1224 se
1784 1165 2111 1223 extendunt
2159 1163 2559 1238 undequaque
2610 1165 2671 1221 in

550 1269 798 1329 Coelum
837 1268 1164 1328 secundum
1207 1269 1455 1326 sormam
1495 1267 1661 1343 ejus»,
1721 1273 1780 1324 et
1827 1265 2176 1323 mirabiliter
2231 1265 2676 1322 communicant

550 1387 686 1429 cum
741 1368 1137 1427 societatibus
1189 1384 1343 1442 quae
1396 1367 1508 1441 ibi,
1593 1374 1654 1425 et
1712 1367 1828 1426 hae
1892 1367 2158 1424 vicissim
2207 1382 2342 1424 eum
2395 1364 2497 1421 illo
2543 1359 2671 1444 (m).

549 1470 702 1530 Sunt
746 1469 984 1545 quidam
1047 1471 1148 1543 qui
1204 1468 1478 1540 credunt,
1551 1468 1710 1544 quod
1756 1468 2148 1543 cogitationes
2204 1472 2262 1524 et
2319 1464 2686 1522 affectiones*

543 1589 663 1628 non
701 1569 1013 1627 actualiter
1055 1586 1122 1627 se
1160 1568 1484 1625 extendant
1527 1571 1747 1626 circum
1783 1568 1950 1641 illos,
2008 1566 2116 1625 sed
2167 1566 2325 1641 quod
2363 1568 2480 1623 sint
2514 1567 2672 1623 intra

543 1671 714 1743 illos,
775 1685 845 1727 ex
884 1687 1070 1728 causa
1109 1671 1249 1744 quia
1286 1669 1490 1726 vident
1524 1669 1629 1727 illa
1672 1686 1824 1744 quae
1866 1670 2129 1744 cogitant
2164 1670 2322 1725 intus
2358 1667 2418 1723 in
2454 1682 2552 1739 se,
2610 1672 2670 1723 et

543 1789 659 1829 non
703 1778 766 1827 ut
819 1770 1080 1838 distanS,
1131 1769 1237 1826 sed
1272 1769 1519 1827 multum
1575 1770 1890 1845 falluntur3
1945 1787 2082 1826 nam
2120 1770 2275 1826 sicut
2312 1768 2477 1824 visus
2513 1766 2675 1826 oculi

546 1873 954 1931 extensionem
1011 1870 1195 1928 habet
1231 1870 1306 1927 ad
1353 1870 1592 1944 dissita,
1623 1860 1713 1927 'et
1748 1870 2073 1928 secundum
2112 1867 2378 1926 ordinem
2413 1866 2669 1941 illorum,

548 1990 702 2048 quae
740 1972 799 2029 in
838 1974 1181 2031 extensione
1231 1971 1422 2045 videt,
1466 1969 1751 2044 afficitur,
1803 1972 1888 2027 ita
1929 1986 2167 2045 quoque
2208 1970 2374 2026 visus
2415 1968 2545 2044 ejus
2573 1968 2670 2025 in-

543 2075 757 2146 terior,
821 2073 922 2148 qui
985 2079 1079 2130 est
1127 2070 1497 2142 intellectus,
1572 2072 1979 2128 extensionem
2030 2069 2215 2128 habet
2265 2070 2323 2126 in
2374 2067 2676 2143 spirituali

543 2172 793 2244 mundo,
841 2174 1082 2228 tametsi
1118 2170 1176 2227 id
1215 2188 1330 2227 non
1367 2172 1654 2246 percipit,
1710 2189 1782 2228 ex
1820 2187 2033 2243 causa,
2100 2169 2173 2227 de
2217 2186 2336 2244 qua
2372 2185 2558 2243 supra
2593 2185 2667 2226 n:

552 2273 723 2344 1963
783 2270 1118 2328 differentia
1148 2270 1324 2327 modo
1364 2277 1486 2344 est,
1547 2270 1706 2345 quod
1744 2273 1909 2328 visus
1949 2269 2106 2329 oculi
2151 2268 2448 2327 afficiatur
2484 2277 2667 2326 natu-

539 2372 774 2440 raliter,
831 2373 972 2446 quia
1019 2388 1093 2429 ex
1158 2371 1275 2428 illis
1319 2388 1473 2447 quae
1522 2373 1583 2429 in
1630 2370 1889 2428 naturali
1936 2371 2189 2440 mundo,
2242 2371 2410 2427 visus
2467 2376 2672 2427 autem

538 2472 884 2531 intellectus
929 2471 1224 2530 afficiatur
1267 2472 1691 2547 spiritualiter,
1743 2473 1885 2546 quia
1930 2489 2001 2529 ex
2046 2471 2163 2529 illis
2203 2487 2356 2545 quae
2392 2471 2450 2527 in
2488 2470 2671 2544 spiri-

541 2575 693 2633 tuali
727 2574 948 2633 mundo
981 2580 1142 2644 sunt,
1176 2591 1332 2655 quae
1372 2576 1571 2632 omnia
1598 2590 1663 2632 se
1694 2574 1960 2632 referunt
1986 2573 2064 2630 ad
2088 2572 2311 2631 bonum
2342 2577 2401 2630 et
2427 2588 2669 2629 verumz

702 2787 774 2852 (l)
836 2785 1003 2852 Quod
1050 2787 1263 2839 Divina
1309 2804 1445 2839 vera
1489 2786 1604 2839 sint
1643 2786 1798 2857 leges
1852 2784 2106 2848 ordinis,
2171 2802 2235 2835 n:
2280 2790 2448 2844 2247.
2496 2789 2666 2843 7995.

546 2862 717 2938 Quod
759 2864 930 2914 homo
987 2872 1265 2933 quantum
1325 2862 1637 2914 secundum
1693 2862 1958 2914 ordinem
2016 2861 2191 2919 vivit,
2261 2860 2336 2912 ita
2393 2868 2672 2931 quantum

545 2938 606 2989 in
646 2938 805 2989 bono
850 2938 1166 2989 secundum
1229 2933 1437 2989 Divina
1500 2955 1669 3000 vera,
1729 2948 1947 2989 tantum
2003 2937 2075 2989 sit
2127 2939 2333 2994 homo,
2388 2954 2455 2987 n:
2498 2942 2673 2996 4839.

545 3021 714 3072 6605.
764 3021 930 3072 6626.
1023 3012 1195 3089 Quod
1254 3014 1425 3066 homo
1484 3014 1556 3064 sit
1611 3014 1668 3064 in
1721 3031 1889 3085 quem
1941 3014 2132 3064 omnia
2189 3010 2429 3063 Ordinis
2473 3007 2708 3064 Divini'

529 3088 755 3140 ‘collata
801 3098 960 3151 sunt,
1010 3099 1066 3140 et
1113 3088 1268 3159 quod
1315 3106 1382 3141 ex
1421 3089 1719 3142 creatione
1767 3090 1840 3141 sit
1881 3088 2123 3140 Divinus
2164 3086 2326 3139 Ordo
2368 3087 2425 3138 in
2460 3086 2670 3152 forma,

545 3182 613 3213 n:
659 3171 822 3223 Ιι219·
856 3170 1023 3224 4220.
1062 3171 1229 3223 4223·
1272 3171 1440 3224 4523.
1483 3172 1651 3225 4524.
1693 3172 1859 3225 5114·
1898 3171 2066 3224 5368.
2100 3171 2266 3223 6013.
2301 3170 2467 3222 6057.
2496 3169 2669 3222 6605.

543 3246 712 3298 6626.
753 3248 920 3299 9706.
962 3247 1168 3300 10156.
1202 3248 1406 3301 10472.
1472 3240 1645 3316 Quod
1681 3243 1852 3293 homo
1889 3258 2007 3292 non
2042 3250 2309 3292 nascatur
2352 3239 2410 3290 in
2446 3239 2671 3292 bonum

545 3327 601 3369 et
636 3333 873 3379 verum,
939 3315 1037 3368 sed
1083 3316 1139 3367 in
1181 3317 1394 3368 malum
1437 3325 1494 3369 et
1535 3316 1773 3377 falsum,
1838 3316 1914 3384 ita
1973 3316 2028 3366 in
2071 3314 2429 3367 contrarium
2471 3314 2669 3367 ordini

542 3392 786 3453 Divin0,
835 3403 892 3445 et
932 3390 1089 3463 quod
1132 3392 1264 3444 inde
1309 3392 1383 3444 sit
1419 3391 1578 3464 quod
1614 3392 1672 3443 in
1710 3409 1927 3444 meram
1959 3391 2375 3462 ignorantiam,
2422 3401 2478 3442 et
2505 3388 2668 3463 quod

545 3468 677 3522 ideo
716 3468 1044 3521 necessario
1087 3485 1116 3520 e
1151 3485 1307 3519 novo
1338 3467 1549 3521 debeat
1584 3468 1762 3529 nasci,
1809 3470 1917 3520 hoc
1960 3477 2063 3529 est,
2107 3465 2463 3538 regenerari,
2509 3463 2671 3537 quod

539 3544 603 3596 fit
645 3562 754 3613 per
792 3545 1000 3598 Divina
1043 3547 1196 3596 Vera
1239 3561 1270 3595 a
1312 3545 1599 3607 Domine,
1642 3555 1706 3597 ut
1748 3544 1807 3594 in
1849 3543 2115 3595 ordinem
2158 3543 2554 3613 inauguratur,
2597 3558 2668 3593 n:

543 3626 712 3679 1047.
759 3629 925 3681 2307·
955 3628 1121 3679 2308.
1151 3627 1320 3680 3518.
1355 3628 1524 3679 3812-
1567 3627 1735 3680 8480.
1766 3626 1937 3679 8550.
1971 3626 2178 3680 10283.
2220 3624 2429 3677 10284.
2463 3624 2668 3677 10286·

542 3702 750 3755 10731.
835 3695 1005 3773 Quod
1046 3696 1358 3759 Dominus,
1423 3714 1553 3747 cum
1608 3696 1902 3748 hominem
1956 3712 1986 3747 e
2040 3711 2194 3746 novo
2244 3693 2489 3756 format,
2557 3693 2671 3744 hoc

541 3780 659 3832 est,
703 3780 1028 3840 regenerat,
1074 3772 1266 3823 omnia
1312 3771 1466 3841 apud
1510 3770 1671 3823 illum
1711 3771 1983 3842 disponat
2024 3768 2337 3822 secundum
2380 3768 2671 3832 ordinem,

540 3844 701 3918 quod
741 3855 828 3898 est
868 3846 928 3898 in
969 3846 1218 3899 formam
1260 3846 1445 3909 coeli,
1490 3863 1558 3898 n:
1604 3854 1772 3906 5700.
1813 3854 1978 3906 6690.
2019 3853 2187 3905 9931,
2233 3852 2439 3903 10303.
2611 3853 2614 3858 “

699 3920 808 3985 (m)
854 3921 1026 3999 Quod
1072 3922 1524 3974 communicatio
1572 3923 1759 3987 vitae,
1818 3940 1964 3994 quae
2006 3920 2206 3975 vocari
2249 3930 2444 3991 potest
2484 3928 2675 3971 exten·

542 3995 661 4059 siu,
708 3995 894 4049 cuivis
935 3997 994 4047 in
1040 3997 1206 4049 coelo
1255 3997 1330 4049 sit
1376 3996 1435 4047 in
1476 3997 1784 4052 societates
1835 3998 2125 4069 angelicas
2165 3996 2547 4048 circumcirca
2589 4011 2676 4046 se·

539 4070 787 4123 cundum
837 4082 1116 4142 quantum
1163 4082 1220 4125 et
1266 4072 1435 4143 quale
1474 4072 1655 4135 boni,
1719 4091 1787 4126 n:
1833 4080 2002 4134 8794.
2050 4081 2218 4133 8797.
2310 4070 2473 4135 Quod
2517 4069 2675 4141 cogi·

538 4147 788 4200 tationes
839 4156 896 4198 et
948 4147 1288 4200 affectiones
1345 4148 1518 4200 talem
1568 4150 1965 4203 extensionem
2027 4149 2307 4211 habeant,
2368 4165 2436 4198 n:
2498 4151 2674 4205 2475.

542 4230 689 4283 6598
742 4222 814 4276 ad
855 4230 1026 4282 6613.
1107 4222 1281 4301 Quod
1322 4222 1750 4295 conjungantur
1801 4235 1859 4278 et
1908 4225 2315 4297 disjungantur
2354 4221 2674 4277 secundum

540 4298 879 4353 affectiones
923 4310 1265 4372 regnanteS,
1310 4317 1377 4353 n:
1425 4308 1595 4361 4111.
2153 4316 2155 4319 ’
