3013 5114
560 411 667 463 158
1178 399 1270 451 DE
1314 396 1552 451 COELO
1595 395 1689 449 ET
1727 392 2063 450 INFERNO.

564 566 797 620 interna
839 576 955 616 non
992 559 1167 617 datur
1194 560 1308 617 nisi
1334 560 1391 615 in
1431 557 1746 634 sapientia,
1786 562 1845 613 et
1882 558 2024 632 quia
2061 557 2119 612 in
2157 556 2470 631 sapientia,
2512 555 2691 616 datur

563 667 624 722 in
665 661 1080 738 conjunctione
1109 660 1250 718 boni
1289 666 1348 719 et
1385 661 1531 729 veri,
1569 676 1705 716 nam
1734 656 1869 715 inde
1912 657 2227 733 sapientia.
2281 654 2479 713 Datur
2509 659 2692 715 ctiam

565 764 693 822 Pax
744 761 1022 820 coelestis
1075 779 1184 819 seu
1239 761 1512 837 angelica
1555 758 1717 835 apud
1768 758 2074 827 homineS,
2132 761 2233 833 qui
2283 760 2340 815 in
2392 759 2693 835 sapientia

566 871 705 923 sunt
748 882 821 921 ex
863 862 1278 939 conjunctione
1320 862 1460 920 boni
1512 866 1570 918 et
1606 862 1758 931 veri,
1820 865 1880 919 et
1916 861 2017 935 qui
2065 858 2200 916 inde
2237 876 2304 917 se
2347 861 2692 935 percipiunt

570 971 881 1026 contentos
925 965 982 1020 in
1019 964 1181 1037 De0,
1223 971 1319 1022 ast
1352 962 1486 1035 illa,
1530 960 1810 1037 quamdiu
1846 962 1907 1018 in
1943 959 2161 1017 mundo
2200 962 2434 1030 vivunt,
2472 976 2689 1020 recon—

569 1067 691 1125 dita
717 1066 865 1124 latet
900 1068 960 1122 in
1000 1083 1202 1124 eorum
1240 1062 1652 1135 interioribuS,
1694 1061 1802 1120 sed
1837 1060 2141 1119 revelatur
2180 1077 2312 1118 cum
2348 1060 2694 1138 relinquunt

568 1184 823 1245 corpuS,
864 1173 923 1224 et
952 1169 1171 1224 intrant
1212 1165 1476 1237 coelum,
1534 1181 1670 1221 nam
1698 1170 1835 1222 tunc
1863 1163 2149 1220 interiora
2184 1164 2551 1238 aperiuntur.

778 1270 939 1326 289.
1011 1267 1168 1343 Quia
1205 1267 1423 1325 Divina
1464 1264 1593 1322 Pax
1634 1265 1836 1322 existit
1875 1281 1949 1321 ex
1991 1263 2404 1340 conjunctione
2448 1262 2693 1322 Domini

565 1389 698 1429 cum
740 1368 953 1443 Coele,
997 1374 1057 1427 et
1093 1370 1153 1427 in
1189 1369 1393 1444 specie
1432 1365 1593 1441 apud
1622 1366 2079 1440 unumquemvis
2113 1364 2409 1441 Angelum
2438 1381 2511 1423 ex
2542 1382 2688 1424 con·-

561 1473 870 1548 junctione
905 1469 1046 1527 boni
1093 1476 1152 1526 et
1192 1470 1334 1541 veri,
1374 1467 1510 1526 ideo
1549 1466 1796 1542 Angeli,
1864 1466 2100 1542 quando
2141 1468 2203 1524 in
2257 1472 2420 1525 statu
2470 1467 2690 1525 amoris

567 1578 734 1644 sunt,
790 1573 849 1628 in
892 1576 1052 1628 sta‘tu
1101 1573 1270 1646 pacis
1320 1574 1496 1642 sunt,
1552 1586 1690 1625 nam
1738 1574 1879 1626 tunc
1924 1567 2085 1644 apud
2139 1566 2273 1626 illos
2313 1568 2693 1645 conjungitur

566 1674 786 1731 bonum
832 1689 1005 1746 ver03
1064 1671 1223 1747 quod
1251 1669 1622 1746 Angelorum
1649 1674 1841 1727 status
1870 1686 1980 1744 per
2009 1671 2170 1727 vices
2212 1675 2544 1739 mutentur,
2591 1669 2690 1726 vi-

567 1772 781 1832 deatur
822 1790 1006 1848 supra
1041 1791 1111 1830 n:
1178 1774 1311 1832 154
1347 1771 1422 1829 ad
1457 1774 1485 1828 1
1509 1773 1617 1830 60.
1718 1767 2004 1829 Similiter
2038 1769 2104 1827 fit
2140 1787 2274 1828 cum
2315 1770 2553 1827 homine
2589 1771 2693 1846 qui

568 1880 992 1951 regeneratur,
1084 1874 1321 1950 quando
1385 1872 1548 1948 apud
1606 1871 1773 1930 illum
1838 1871 2178 1947 conjunctio
2238 1871 2381 1929 boni
2443 1877 2504 1928 et
2563 1873 2693 1929 veri

569 1978 802 2050 existit,
874 1975 1033 2050 quod
1083 1975 1150 2033 fit
1194 1975 1484 2051 imprimis
1527 1980 1667 2048 post
1706 1974 2103 2047 tentationes,
2160 1978 2300 2029 tunc
2357 1974 2418 2030 in
2472 1978 2694 2031 statum

559 2076 812 2155 jucundi
850 2094 923 2135 ex
965 2077 1125 2134 Pace
1181 2076 1431 2135 coelesti
1480 2076 1645 2133 venit
1689 2070 1781 2153 (r).
1882 2074 2008 2131 Pax
2042 2072 2148 2131 illa
2186 2076 2588 2149 comparative
2626 2089 2694 2132 se

567 2177 752 2234 habet
798 2178 953 2233 sicut
999 2193 1173 2234 mane
1223 2193 1332 2233 seu
1387 2191 1607 2232 aurora
1649 2180 1915 2250 tempore
1966 2176 2159 2249 veriS,
2231 2192 2348 2250 quo
2402 2181 2693 2250 tempore,

570 2282 782 2335 exacta
818 2282 1029 2344 nocte,
1084 2276 1160 2333 ab
1202 2281 1411 2333 exortu
1452 2275 1598 2333 solis
1637 2277 1834 2333 omnia
1872 2275 2103 2335 telluris
2139 2277 2430 2352 incipiunt
2468 2293 2508 2375 e,
2537 2291 2693 2351 novo

565 2381 800 2450 vivere,
860 2393 928 2435 ac
968 2377 1112 2435 odor
1142 2379 1521 2453 vegetativus
1567 2377 1993 2452 circumspargi
2037 2394 2109 2434 ex
2146 2394 2280 2435 rore
2311 2378 2411 2453 qui
2451 2394 2482 2434 e
2520 2374 2691 2436 coelo

570 2479 909 2553 descendit,
969 2484 1028 2536 et
1070 2496 1309 2555 quoque
1361 2477 1560 2535 media
1606 2480 1896 2553 temperie
1961 2495 2148 2537 verna
2184 2477 2286 2536 dat
2325 2477 2695 2536 fertilitatem

569 2582 784 2652 hu1n0,
851 2587 911 2639 et
951 2599 1188 2658 quoque
1236 2581 1384 2639 indit
1433 2582 1854 2638 amoenitatem
1919 2581 2217 2639 mentibus
2270 2580 2578 2648 humanis3
2635 2584 2696 2638 et

568 2684 683 2742 hoc
726 2684 890 2756 ideo,
952 2686 1092 2756 quia
1126 2700 1300 2740 mane
1348 2699 1460 2740 seu
1511 2698 1726 2739 aurora
1762 2688 2031 2757 tempore
2069 2683 2229 2740 veris
2266 2680 2699 2758 correspondet

573 2786 758 2841 statui
795 2786 964 2858 pacis
996 2783 1344 2860 angelorum
1379 2786 1441 2841 in
1480 2782 1681 2856 coele,
1734 2782 2012 2841 videatur
2047 2801 2118 2841 n:
2167 2786 2194 2840 1
2217 2783 2300 2842 55
2336 2777 2438 2862 (s).

724 2885 886 2941 290.
943 2882 1257 2959 Loquutus
1296 2885 1475 2942 etiam
1514 2899 1647 2940 sum
1679 2900 1813 2941 cum
1840 2883 2091 2960 Angelis
2123 2883 2196 2943 de
2233 2883 2414 2956 Pace,
2452 2888 2511 2942 et
2550 2882 2692 2957 dixi,

575 2982 736 3059 quod
773 2985 834 3040 in
874 2983 1093 3041 mundo
1125 2983 1357 3042 dicatur
1391 2984 1550 3057 Pax,
1592 3000 1725 3040 cum
1758 2991 2002 3043 cessant
2035 2984 2198 3044 bella
2235 2992 2295 3043 et
2329 2984 2696 3043 hostilitates

566 3086 724 3142 inter
774 3083 1016 3159 Regna,
1077 3091 1137 3141 et
1186 3100 1317 3143 cum
1369 3091 1611 3143 cessant
1657 3085 2001 3143 inimicitiae
2051 3091 2110 3144 et
2153 3085 2486 3144 discordiae
2540 3088 2698 3144 inter

570 3185 869 3258 homineS,
923 3191 982 3242 et
1011 3184 1166 3259 quod
1197 3184 1475 3244 credatur
1514 3185 1674 3260 quod
1709 3186 1839 3243 Pax
1873 3189 2106 3244 interna
2134 3188 2213 3245 sit
2244 3189 2483 3264 requies
2513 3187 2698 3245 animi

571 3304 648 3345 ex
685 3288 927 3345 remotis
967 3287 1158 3360 curie,
1218 3293 1279 3345 et
1326 3287 1655 3363 praecipue
1706 3287 2106 3363 tranquillitas
2146 3294 2204 3345 et
2230 3287 2581 3365 jucunditas
2620 3303 2697 3345 ex

567 3404 860 3447 successu
898 3404 1125 3462 rerum3
1181 3387 1291 3446 sed
1325 3387 1545 3464 Angeli
1588 3387 1889 3462 dixerunt,
1949 3388 2107 3464 quod
2145 3391 2316 3465 quies
2358 3389 2568 3463 animi,
2635 3394 2697 3446 et

569 3489 969 3567 tranquillitas
1000 3494 1059 3547 et
1094 3488 1440 3565 jucunditas
1481 3506 1555 3547 ex
1584 3491 1827 3548 remotis
1856 3491 2012 3548 curis
2052 3496 2112 3548 et
2151 3507 2225 3548 ex
2262 3505 2550 3550 successu
2589 3506 2694 3548 re-

568 3608 699 3648 rum
739 3597 1171 3667 appareant-ut
1204 3591 1413 3662 PaciS,
1468 3589 1579 3649 sed
1625 3590 1784 3667 quod
1833 3606 1951 3648 non
1998 3592 2119 3649 sint
2151 3590 2329 3649 Pacis
2365 3591 2478 3649 nisi
2517 3607 2699 3666 quam

569 3690 732 3766 apud
765 3691 900 3750 illos
940 3692 1041 3767 qui
1082 3694 1142 3749 in
1175 3692 1333 3752 bono
1373 3691 1623 3751 coelesti
1665 3697 1834 3765 sunt,
1886 3694 2166 3767 quoniam
2199 3692 2328 3750 Pax
2363 3709 2484 3750 non
2520 3690 2698 3749 datur

567 3807 744 3866 quam
793 3793 853 3849 in
905 3792 1008 3850 illo
1060 3793 1248 3863 bono,
1299 3793 1493 3852 influit
1531 3794 1687 3851 enim
1736 3792 1864 3851 Pax
1914 3810 1950 3850 a
2002 3792 2264 3851 Domino
2313 3795 2374 3851 in
2423 3788 2700 3851 intimum

571 3906 807 3966 eorum,
872 3898 930 3950 et
984 3893 1059 3949 ab
1107 3894 1312 3951 intimo
1363 3910 1568 3951 eorum
1623 3892 1934 3985 descen-dit
1986 3898 2045 3952 et
2081 3892 2286 3952 defluit
2319 3894 2380 3951 in
2415 3892 2702 3952 inferiora

723 4075 806 4140 (r)
850 4074 1016 4141 Quod
1050 4075 1385 4143 conjunctio
1417 4077 1561 4131 boni
1607 4091 1665 4133 et
1700 4081 1826 4134 veri
1873 4080 2025 4151 apud
2061 4080 2352 4135 hominem
2391 4082 2489 4154 qui
2536 4097 2699 4153 rege·

568 4160 807 4205 noratur
845 4153 943 4205 fiat
979 4153 1039 4205 in
1077 4161 1227 4205 statu
1260 4155 1450 4225 pacis,
1493 4173 1562 4207 ηε
1607 4164 1774 4216 3696.
1819 4164 1992 4217 8517.

721 4230 801 4294 (s)
845 4228 1014 4306 Quod
1049 4239 1227 4283 status
1266 4232 1424 4303 pacis
1467 4231 1528 4284 in
1565 4232 1760 4285 Coelis
1790 4250 1849 4286 se
1889 4233 2099 4287 habeat
2133 4233 2282 4288 sicut
2315 4244 2491 4290 status
2526 4248 2696 4286 auro-

572 4319 667 4357 rae
710 4314 765 4358 et
804 4305 958 4359 veris
998 4304 1054 4358 in
1099 4305 1290 4370 terris,
1336 4325 1400 4358 n:
1449 4315 1616 4370 1726.
1658 4315 1826 4371 2780.
1865 4317 2030 4371 5662.
