3013 5114
481 395 1183 467 CORRESPONDENTIA
1224 398 1437 453 COELI
1483 399 1630 454 CUM
1674 399 1984 454 OMNIBUS
2024 399 2338 459 HOMINIS.
2421 413 2489 463 53

361 560 519 635 bue,
577 563 638 618 et
688 576 763 618 ex
817 559 1169 619 formatione
1232 560 1293 618 in
1353 566 1559 632 utem,
1630 566 1692 620 et
1747 559 1884 619 dein
1934 567 2326 620 conservatur
2372 579 2484 638 per

360 661 657 719 influxum
701 676 1075 723 communem
1113 677 1145 718 e
1182 661 1435 719 mundo:
1470 661 1610 720 inde
1650 668 1771 736 est,
1812 661 1972 737 quod
2006 660 2198 720 forma
2230 668 2479 720 natura-

357 762 436 821 lis
488 761 746 820 hominis
792 760 969 820 valde
1012 760 1255 843 'differat
1305 779 1341 820 a
1390 762 1583 820 forma
1639 761 1969 838 spiritualis
2024 763 2155 840 ejus
2204 762 2477 821 hominis,

360 862 706 938 Aliquoties
746 868 1055 920 ostensum
1093 869 1211 937 est,
1255 862 1449 939 qualis
1485 864 1550 920 in
1582 862 1773 922 forma
1810 868 1973 922 esset
2007 865 2254 939 spiritus
2280 862 2476 922 homi-

358 967 454 1022 nis
468 1006 485 1037 ,
546 968 606 1021 et
646 963 871 1032 visum,
924 962 1085 1038 quod
1132 964 1193 1022 ln
1235 962 1534 1040 aliquibus
1574 962 1841 1039 pulchris
1896 969 1955 1022 et
1988 965 2258 1022 venustis
2306 964 2478 1033 facie,

359 1064 464 1124 ille
516 1069 682 1123 esset.
731 1062 1046 1136 deformiS‚
1106 1065 1304 1140 niger,
1361 1070 1419 1122 et
1465 1069 1874 1138 monstrosus»,
1929 1068 1996 1121 ut
2029 1065 2345 1140 imaginem
2382 1067 2476 1123 in-

360 1167 517 1224 ferni
554 1182 671 1221 non
709 1162 862 1222 coeli
900 1162 1064 1223 dicas
1083 1186 1099 1239 5
1136 1167 1198 1222 in
1235 1164 1593 1240 quibusdam
1622 1171 1821 1222 autem
1849 1180 1968 1222 non
1999 1163 2283 1240 pulchriS‚
2323 1164 2481 1240 quod

359 1270 411 1326 is
451 1272 618 1324 esset
656 1263 982 1338 formosuS,
1031 1265 1318 1323 candidus
1331 1309 1348 1339 ‚
1394 1272 1455 1324 et
1484 1264 1825 1342 angelicus:
1881 1262 2019 1322 talis
2067 1265 2245 1322 etiam
2281 1282 2475 1340 appa-

359 1375 454 1426 ret
491 1367 740 1442 spiritus
776 1365 1031 1423 hominis
1077 1371 1216 1442 post
1264 1372 1550 1440 mortem,
1603 1364 1796 1441 qualis
1844 1365 2041 1423 fuerat
2095 1366 2154 1422 in
2206 1381 2474 1441 corpore,

360 1486 499 1528 cum
544 1470 607 1524 in
643 1465 746 1525 illo
783 1467 934 1523 vixit
967 1468 1028 1523 in
1062 1466 1299 1526 mundo.

526 1568 684 1626 100.
771 1565 894 1626 Sed
959 1564 1501 1645 Correspondentia
1563 1584 1628 1625 se
1695 1566 1891 1625 adhuc
1954 1566 2133 1625 latius
2193 1567 2479 1639 extendit,

359 1687 540 1747 quam
579 1667 656 1726 ad
700 1666 1037 1742 hominem3
1094 1676 1189 1727 est
1224 1669 1379 1726 enim
1421 1667 1954 1744 cor-respondentia
1988 1667 2289 1727 coelorum
2324 1670 2478 1727 inter

360 1788 461 1845 se;
519 1769 726 1828 Tertio
763 1783 874 1826 seu
909 1769 1112 1826 intimo
1152 1766 1333 1827 Coelo
1372 1767 1803 1844 correspondet
1836 1767 2164 1827 secundum
2200 1784 2310 1827 seu
2346 1787 2476 1827 me-

348 1871 524 1929 ·dium
562 1868 841 1945 Coelum3
883 1874 943 1927 et
983 1866 1260 1928 Secundo
1298 1885 1406 1926 seu
1446 1867 1640 1925 medio
1670 1866 1853 1927 Coelo
1891 1864 2319 1944 correspondet
2342 1871 2482 1946 pri--

358 1990 522 2030 mum
563 1987 675 2028 seu
711 1968 985 2027 ultimum
1023 1968 1300 2043 Coelum3
1335 1974 1409 2026 et
1443 1967 1577 2026 Hoc
1614 1967 2043 2044 correspondet
2088 1968 2292 2025 formis
2337 1984 2474 2027 cor-

345 2071 563 2148 'poreis
600 2072 663 2128 in
696 2069 962 2143 homine,
1024 2087 1178 2146 quae
1218 2068 1518 2137 membra,
1568 2084 1793 2145 organa
1830 2074 1889 2127 et
1923 2069 2160 2126 viscera
2196 2068 2326 2144 ejus
2362 2084 2475 2127 vo·-

359 2178 606 2232 cantur:
660 2173 745 2229 ita
793 2177 887 2230 est
933 2170 1306 2247 Corporeum
1351 2169 1638 2244 hominis»,
1694 2171 1755 2228 in
1805 2169 1965 2244 quod
2000 2168 2207 2227 ultimo
2261 2162 2479 2228 desinit

359 2273 641 2347 Coelum,
698 2287 884 2347 super
913 2289 1030 2348 quo
1072 2273 1228 2330 sicut
1265 2287 1450 2347 super
1490 2286 1605 2329 sua
1647 2269 1786 2341 basi„
1825 2269 2117 2330 subsistit.
2204 2268 2327 2330 Sed
2359 2269 2474 2330 hoc

355 2375 665 2432 Arcanum
703 2371 847 2430 alibi
879 2373 1117 2448 plenius
1154 2373 1486 2432 evolvetur.

526 2477 683 2533 101.
711 2479 726 2493 ‘
749 2472 978 2532 Verum
1012 2474 1247 2532 omnino
1286 2473 1596 2531 sciendum
1640 2478 1756 2541 est,
1816 2471 1976 2548 quod
2026 2473 2214 2530 omnis
2253 2469 2473 2530 Corre-

357 2576 748 2653 spondentia,
802 2592 956 2651 quae
1000 2593 1135 2634 cum
1173 2574 1389 2646 Coelo,
1447 2576 1526 2631 sit
1562 2590 1698 2632 cum
1743 2570 1961 2631 Divino
2011 2572 2289 2630 Humano
2337 2571 2468 2629 Do-

356 2679 537 2745 mini,
591 2678 870 2751 quoniam
904 2675 980 2733 ab
1020 2674 1165 2751 Ipso
1205 2681 1298 2733 est
1335 2672 1617 2741 Coelum‚
1672 2677 1731 2730 et
1764 2671 1907 2747 Ipse
1947 2669 2040 2730 est
2076 2670 2353 2745 Coelum,
2404 2677 2472 2729 ut

207 2780 289 2853 s
355 2781 420 2837 in
466 2776 755 2836 Articulis
791 2774 1294 2852 praecedentibus
1334 2781 1643 2834 ostensum
1680 2778 1773 2832 est
1786 2792 1803 2847 3
1859 2789 1997 2830 nam
2031 2773 2148 2832 nisi
2182 2772 2472 2830 Divinum

356 2877 701 2936 Humanum
737 2876 1014 2937 influeret
1048 2879 1107 2934 in
1150 2877 1348 2935 omnia
1386 2873 1585 2947 Coeli,
1642 2879 1701 2933 et
1736 2873 2063 2932 secundum
2110 2888 2471 2949 correspon-

357 2978 593 3037 dentias
629 2981 688 3036 in
729 2980 928 3036 omnia
963 2977 1195 3052 mundi,
1248 2994 1368 3033 non
1414 2975 1658 3034 daretur
1702 2974 2008 3051 AngeluS,
2072 2992 2181 3034 nec
2227 2972 2476 3040 daretur

356 3077 555 3137 homo.
621 3077 769 3137 Inde
807 3080 1022 3136 iterum
1063 3083 1262 3153 patet,
1305 3093 1411 3135 cur
1445 3076 1738 3135 Dominus
1774 3076 1968 3135 sactus
2008 3082 2100 3134 est
2133 3076 2357 3145 Homo,
2397 3091 2468 3134 ac

352 3178 548 3237 induit
598 3179 881 3238 D1viuu1n
925 3194 1102 3237 suum
1150 3178 1429 3236 Humano
1483 3195 1521 3235 a
1571 3179 1763 3253 primo
1814 3176 1891 3234 ad
1948 3176 2250 3249 ultimum,
2309 3174 2469 3251 quod

354 3280 570 3349 fuerit,
623 3280 904 3355 quoniam
951 3278 1236 3337 Divinum
1284 3277 1656 3353 Humanum,
1717 3294 1791 3335 ex
1844 3276 1977 3353 Quo
2028 3275 2278 3337 Coelum
2328 3281 2468 3335 ante

356 3380 683 3439 adventum
709 3379 982 3453 Domini,
1022 3396 1141 3437 non
1176 3377 1433 3455 amplius
1469 3377 1705 3437 suffecit
1742 3376 1816 3435 ad
1852 3376 2307 3435 sustentandum
2336 3392 2467 3434 om-
2498 3417 2512 3427 .

352 3482 484 3554 nia,
526 3480 667 3556 quia
701 3480 908 3562 homo,
946 3482 1047 3555 qui
1081 3479 1246 3538 basis
1284 3477 1615 3551 coelorum,
1654 3477 2044 3536 labefactavit
2080 3483 2141 3535 et
2175 3476 2470 3536 destruxit

355 3580 645 3640 ordinem.
719 3579 879 3656 Quid
915 3588 974 3638 et
1010 3579 1187 3656 quale
1226 3578 1511 3637 Divinum
1545 3578 1921 3650 Humanum,
1980 3575 2142 3651 quod
2178 3582 2316 3636 ante
2353 3577 2463 3635 ad·

358 3687 608 3741 ventum
645 3679 887 3739 Domini
920 3680 1046 3756 fuit,
1087 3685 1148 3740 et
1183 3678 1378 3755 qualis
1414 3684 1608 3737 status
1647 3676 1813 3737 Coeli
1849 3684 2020 3750 tunc,
2059 3675 2195 3736 vide
2230 3679 2291 3735 in
2321 3676 2464 3738 Col-

349 3781 528 3841 lectis
565 3781 643 3839 ad
680 3780 879 3857 Caput
911 3779 1301 3856 praecedens

521 3883 678 3940 102.
737 3879 1194 3957 Obstupescunt
1228 3878 1477 3955 Augen,
1540 3894 1675 3936 curn
1722 3877 1998 3949 audiunt,
2057 3878 2217 3955 quod
2253 3878 2466 3938 dentur

352 3982 656 4057 homineS‚
698 3984 802 4059 qui
838 3983 1036 4041 omnia
1069 3987 1319 4040 naturae
1358 3979 1625 4039 tribuunt
1661 3985 1722 4039 et
1752 3978 1897 4038 nihil
1924 3978 2175 4056 Divin03
2215 3986 2276 4039 et
2310 3996 2465 4055 quo-

352 4100 471 4159 que
516 4084 619 4160 qui
654 4081 930 4156 credunt,
991 4081 1151 4159 quod
1188 4096 1404 4156 corpus
1443 4096 1647 4155 suum,
1702 4082 1764 4139 in
1800 4079 1961 4157 quod
1994 4086 2083 4139 tot
2116 4080 2467 4139 admiranda

355 4182 524 4241 Coeli
561 4181 784 4241 collata
819 4189 986 4256 sunt,
1040 4182 1358 4241 conflatum
1408 4182 1488 4240 sit
1525 4196 1597 4240 ex
1632 4187 1877 4254 natura3
1935 4186 1996 4239 et
2028 4183 2249 4257 magis,
2306 4179 2465 4255 quod

351 4281 670 4342 Rationale
716 4283 969 4342 hominis
1014 4286 1192 4343 etiam
1240 4281 1374 4341 inde
1425 4284 1529 4357 sit3
1587 4299 1718 4340 cum
1756 4288 1982 4352 tamen,
2044 4283 2095 4342 si
2140 4280 2314 4341 modo
2353 4279 2465 4338 ali-
