3013 5114
940 404 1033 458 DE
1082 405 1452 465 CONJUGIIS
1484 408 1557 495 IN
1597 409 1858 466 COELO.
1925 432 1931 440 ·’
2363 426 2473 478 223

346 561 504 631 mali,
550 579 707 638 quae
737 564 1075 640 conjunctio
1104 573 1353 625 vocatur
1388 569 1731 646 conjugium
1760 570 2071 631 infernale.
2121 573 2353 643 Datum
2382 584 2474 636 est

321 663 555 758 ‘videre
597 663 779 739 quale
820 664 1165 742 conjugium
1203 674 1297 726 est
1328 669 1483 727 inter
1517 670 1653 730 illos
1691 674 1794 747 qui
1829 672 2105 732 ins'falsis
2145 673 2287 733 mali
2313 684 2470 754 sunt,

261 810 264 814 .
344 764 501 839 quod
547 764 889 841 conjugium
933 765 1224 825 infernale
1259 777 1510 828 vocatur
1524 789 1542 846 3
1592 771 2012 849 colloquuntur
2048 761 2205 833 inter
2253 791 2353 846 se,
2411 785 2473 838 et

343 881 584 942 quoque
624 881 700 929 ex
738 864 969 925 lascivo
1001 859 1473 945 conjunguntur,
1519 871 1629 930 sed
1663 874 1910 931 interius
1942 880 2148 933 contra
2173 891 2241 934 se
2280 877 2468 937 inter-

345 967 561 1024 necino
602 964 736 1035 odio
762 960 1037 1044 flagrant,
1075 969 1234 1043 quod
1261 976 1491 1029 tantum
1529 977 1622 1030 est
1657 978 1726 1030 ut
1762 973 2019 1040 describi
2053 993 2172 1034 non
2206 979 2416 1053 possit.

509 1067 672 1136 3718.
725 1066 915 1125 Amor
961 1068 1316 1146 conjugialis
1356 1088 1466 1130 nec
1512 1071 1687 1131 datur
1720 1073 1875 1132 inter
1909 1073 2079 1133 binos
2121 1077 2220 1153 qui
2263 1093 2338 1136 ex
2372 1077 2469 1138 di-

349 1178 550 1233 versa
581 1165 871 1244 religione
928 1175 1100 1238 sunt,
1157 1171 1436 1246 quoniam
1489 1189 1696 1254 verum
1751 1176 1926 1232 unius
1978 1191 2096 1233 non
2151 1177 2473 1249 concordat

346 1283 480 1335 cum
529 1265 689 1325 bono
744 1266 1028 1343 alteriuS,
1116 1285 1187 1329 ac
1251 1270 1368 1355 duo
1424 1271 1737 1331 dissimilia
1794 1282 1852 1333 et
1901 1273 2301 1334 discordantia
2348 1295 2470 1338 non

342 1384 518 1426 unam
572 1375 830 1427 mentem
894 1387 967 1427 ex
1024 1369 1257 1429 duabus
1306 1372 1505 1432 facere
1554 1380 1843 1449 possunt,
1901 1383 2266 1452 quapropter
2301 1378 2467 1456 origo

340 1469 559 1528 amoris
599 1467 832 1556 illorum
877 1486 993 1528 non
1035 1469 1262 1547 aliquid
1298 1489 1372 1530 ex
1414 1473 1713 1550 spirituali
1763 1475 1945 1549 tzehit
1956 1495 1973 1550 3
2029 1477 2081 1534 si
2122 1475 2466 1538 cohabitant
2558 1516 2569 1527 ·

341 1576 402 1627 et
439 1569 831 1644 concordant,
885 1577 978 1629 est
1015 1570 1208 1631 solum
1259 1589 1331 1630 ex
1367 1576 1568 1632 causis
1613 1574 1986 1634 naturalibus
2019 1572 2127 1656 (p).
2213 1577 2306 1636 Ex
2350 1577 2465 1637 hac

338 1675 528 1727 causa
568 1671 628 1727 in
657 1668 858 1729 Coelis
897 1674 1202 1731 sociantur
1250 1674 1529 1750 conjugia
1570 1690 1703 1732 eum
1754 1674 1872 1734 illis
1917 1678 2019 1752 qui
2057 1679 2211 1735 intra
2251 1676 2464 1738 Socie-

340 1763 526 1829 tatem
564 1775 728 1844 sunt,
771 1773 912 1846 quia
961 1775 1021 1830 in
1064 1772 1243 1831 simili
1277 1772 1432 1832 bono
1471 1779 1534 1832 et
1568 1790 1714 1832 vero
1746 1782 1915 1846 sunt,
1952 1794 2070 1835 non
2098 1783 2300 1859 autem
2327 1794 2464 1838 cum

234 1903 251 1913 κ
335 1869 456 1929 illis
494 1872 597 1947 qui
621 1876 803 1930 &xtra
825 1870 1241 1935 ,Societatemz
1298 1873 1457 1950 quod
1494 1890 1699 1933 omnes
1737 1877 1838 1951 qui
1873 1876 1955 1934 ibi
1992 1879 2145 1935 intra
2185 1876 2460 1937 Societa-

339 1978 461 2030 tem
496 1970 661 2044 sunt3
717 1973 777 2029 in
817 1973 996 2032 simili
1032 1973 1187 2032 bono
1218 1979 1278 2032 et
1303 1991 1447 2033 vero
1484 1976 1631 2047 sint,
1690 1991 1761 2035 ac
1790 1975 2063 2034 differant
2091 1978 2165 2035 ab
2205 1977 2324 2036 illis
2361 1981 2463 2053 qui
2544 1964 2553 1973 ⁹

338 2078 540 2148 extra,
598 2071 877 2134 videatur
928 2090 1119 2150 supra
1169 2091 1239 2133 n:
1295 2077 1378 2133 41
1427 2091 1568 2151 seq:
1623 2074 1756 2135 Hoc
1810 2094 2047 2153 quoque
2100 2094 2461 2154 repraesen-

333 2178 522 2232 tatum
564 2180 660 2232 est
704 2173 866 2251 apud
906 2182 1145 2251 gentem
1186 2174 1613 2246 Israeliticam,
1666 2193 1779 2253 per
1814 2177 1971 2254 quod
2011 2176 2303 2256 Conjugia
2336 2180 2455 2237 ini-

331 2279 537 2345 rentur
576 2276 733 2343 intra
769 2274 1025 2350 TribuS‚
1086 2281 1147 2335 et
1181 2277 1240 2341 in
1276 2278 1479 2354 specie
1517 2277 1675 2335 intra
1709 2278 2020 2354 Familiae,
2089 2286 2150 2338 et
2190 2295 2309 2338 non
2346 2296 2456 2339 ex-

379 2370 386 2385 ‘
403 2364 414 2371 ⁵
431 2374 616 2449 ‘illas-

333 2452 350 2479 ³
401 2476 654 2568 ‚513⁷9·
718 2476 904 2535 Amor
952 2494 1096 2538 vere
1135 2477 1490 2557 conjugialis
1532 2493 1644 2537 nec
1685 2476 1901 2537 dabilis
1953 2484 2045 2538 est
2076 2479 2233 2538 inter
2269 2496 2454 2538 unum

355 2579 613 2663 ,Ι
661 2584 723 2637 et
770 2577 979 2654 plures
1028 2596 1279 2655 uxores3
1347 2578 1408 2637 id
1458 2580 1616 2637 enim
1669 2578 1923 2638 destruit
1975 2580 2265 2656 originem
2319 2580 2451 2666 ejus

340 2658 734 2754 em,
793 2695 949 2755 quae
990 2685 1085 2737 est
1127 2686 1194 2738 ut
1243 2697 1318 2738 ex
1352 2679 1510 2737 binis
1545 2679 1833 2737 formetur
1884 2696 2003 2737 una
2040 2696 2240 2751 mens,
2302 2696 2450 2756 pro-

325 2777 492 2850 inde
497 2775 757 2870 destruit
790 2780 1271 2857 conjunctionem
1306 2781 1668 2853 interiorem,
1709 2796 1864 2856 quae
1903 2785 1996 2839 est
2029 2779 2170 2838 boni
2207 2785 2267 2838 et
2299 2782 2447 2856 veri,

327 2869 502 2978 [β.
524 2887 618 2940 est
653 2896 731 2939 ex
773 2896 893 2955 qua
935 2882 1072 2957 ipsa
1108 2882 1373 2940 essentia
1413 2879 1577 2939 illius
1617 2874 1862 2957 amoris3
1921 2878 2278 2959 Conjugium
2312 2897 2450 2941 cum

335 2970 442 3041 7³³⁵?ss
470 2999 516 3032 ·’·
545 2997 602 3040 s
632 2997 813 3057 quam
850 2996 987 3039 cum
1020 2998 1142 3041 una
1186 2988 1279 3041 est
1314 2983 1469 3041 sicut
1504 2980 1857 3040 Intellectus
1896 2980 2118 3041 divisus
2153 2982 2215 3039 in
2239 2980 2448 3059 plures

323 3053 705 3157 voluntate-33
776 3098 846 3140 ac
886 3082 1043 3139 sieut
1088 3081 1265 3141 homo
1324 3099 1445 3141 non
1495 3083 1601 3140 uni
1643 3080 1754 3141 sed
1807 3081 2083 3159 pluribus
2132 3082 2446 3143 addicatus
2530 3097 2533 3102 ·

327 3182 648 3257 Ecclesiisx‚
706 3184 792 3242 sic
832 3183 987 3241 enim
1023 3182 1370 3241 distrahitur
1402 3182 1553 3241 fides
1605 3183 1734 3260 ejus
1772 3198 1965 3265 usque
2015 3190 2081 3241 ut
2115 3183 2283 3242 nulla
2324 3182 2447 3241 fiat.

322 3283 541 3360 Angeli
580 3283 812 3352 dieunt,
863 3282 1023 3359 quod
1056 3282 1263 3359 plures
1318 3299 1537 3342 uxores
1588 3283 1807 3341 ducere
1845 3284 1923 3342 sit
1954 3299 2203 3359 prorsus
2241 3289 2449 3341 contra

321 3383 609 3444 Divinum
649 3382 961 3459 Ordinem3
1019 3390 1080 3443 et
1115 3383 1276 3460 quod
1318 3383 1380 3442 id
1428 3402 1500 3443 ex
1538 3382 1810 3460 pluribus
1858 3384 2057 3442 causis
2104 3384 2327 3456 sciant,
2385 3386 2446 3440 et

322 3501 566 3566 quoque
597 3501 670 3542 ex
701 3500 791 3554 eo,
833 3483 995 3559 quod
1031 3489 1098 3542 ut
1123 3486 1381 3561 primum
1411 3486 1676 3560 cogitant
1702 3483 1777 3542 de
1805 3481 2099 3560 Conjugio
2137 3497 2274 3541 cum
2299 3478 2443 3557 plu-

322 3582 522 3653 ribus,
574 3583 987 3643 abalienentur
1036 3583 1111 3643 ab
1162 3586 1396 3643 interna
1429 3582 1800 3642 beatitudine
1852 3588 1914 3641 et
1959 3582 2208 3641 coelesti
2242 3580 2441 3641 felici-

292 3689 481 3757 tate,
542 3689 602 3740 et
640 3683 799 3760 quod
837 3691 978 3745 tunc
1006 3683 1155 3743 fiant
1180 3686 1337 3744 sicut
1374 3683 1539 3757 ebrii,
1588 3682 2122 3759 quiadisjnngitur
2156 3681 2379 3742 bonum
2405 3698 2445 3743 a

320 3801 433 3843 suo
468 3801 616 3843 vero
653 3784 814 3860 apud
848 3784 985 3845 illos
997 3806 1014 3863 3
1068 3792 1128 3844 et
1174 3787 1316 3862 quia
1347 3785 1633 3843 interiora
1680 3799 1832 3860 quae
1874 3784 2084 3842 mentis
2123 3800 2328 3843 eorum
2365 3800 2442 3843 ex

321 3885 453 3944 sola
503 3886 865 3962 cogitatione
915 3903 1051 3946 cum
1098 3885 1301 3962 aliqua
1346 3886 1675 3945 intentione
1729 3885 1789 3941 in
1837 3883 2021 3943 talem
2070 3890 2293 3943 statum
2326 3902 2442 3945 ve-

473 4143 566 4214 (p)
607 4143 772 4209 Quod
808 4143 1077 4218 conjugia
1120 4142 1276 4197 inter
1309 4142 1443 4196 illos
1485 4142 1586 4216 qui
1630 4143 1915 4197 ediversa
1954 4141 2271 4230 religione
2284 4150 2438 4203 sunt,

318 4219 436 4272 sint
477 4220 707 4284 illicita,
763 4220 841 4275 ob
876 4238 997 4273 non
1042 4220 1517 4288 conjunctionem
1562 4219 1768 4273 similis
1814 4219 1956 4273 boni
1999 4228 2057 4272 et
2092 4218 2218 4271 veri
2255 4215 2315 4268 in
2357 4216 2440 4268 in-

317 4294 670 4362 terioribus,
713 4310 784 4349 ιι.
829 4303 998 4358 8998
