3013 5114
546 422 652 473 172
1156 406 1254 461 DE
1298 406 1536 460 COELO
1579 404 1673 458 ET·
1711 401 2048 457 INFERNO.

541 572 726 650 geliS,
785 575 843 628 et
890 569 1188 644 recipiunt
1223 567 1446 624 Divina
1485 564 1648 623 Vera
1678 558 1828 643 (ee);
1885 561 1960 619 de
1998 576 2122 637 qua
2164 576 2230 619 re
2273 559 2425 617 infra
2460 560 2522 616 in
2557 574 2670 617 suo

540 671 841 745 Articulo,
899 668 1002 727 ubi
1051 668 1124 727 de
1166 666 1490 737 Gentibus,
1532 664 1827 722 videatur.
1896 663 2178 737 Ecclesia
2215 659 2570 719 universalis
2610 662 2669 716 in

540 775 714 831 terris
745 776 837 828 est
878 770 938 825 in
976 775 1302 844 conspectu
1331 767 1574 825 Domini
1608 767 1765 821 sicut
1801 779 1959 820 unus
1997 762 2212 835 Homo,
2253 776 2504 837 prorsus
2541 761 2667 817 sic-

541 879 609 931 ut
664 869 947 938 Coelnm,
1007 869 1078 928 de
1137 886 1253 943 quo
1310 885 1497 943 supra
1541 885 1610 924 n:
1680 864 1763 923 59
1814 864 1891 922 ad
1946 867 2072 937 723
2142 868 2203 921 at
2253 861 2530 920 Ecclesia
2565 859 2668 918 ubi

541 970 813 1033 Verbum
843 977 902 1027 ct
939 988 1050 1045 per
1086 969 1147 1027 id
1172 968 1463 1027 Dominus
1501 975 1710 1034 notus,
1765 971 1857 1023 est
1891 966 2046 1022 sicut
2084 963 2201 1023 Cor
2240 970 2300 1021 et
2335 965 2492 1021 sicut
2517 960 2667 1019 Pul-

539 1090 636 1132 mo
673 1075 733 1130 in
770 1071 871 1129 illo
908 1071 1172 1145 homine3
1213 1069 1371 1145 quod
1409 1070 1609 1128 omnia
1645 1069 1880 1124 viscera
1920 1073 1979 1123 et
2010 1064 2276 1123 membra
2311 1064 2492 1122 totius
2532 1079 2666 1119 cor-

540 1176 705 1251 poris
748 1190 825 1231 cx
862 1172 1038 1230 corde
1080 1182 1138 1229 et
1172 1170 1454 1247 pulmone
1489 1186 1601 1244 per
1632 1169 1831 1225 varias
1871 1166 2273 1224 derivationes
2314 1167 2499 1222 vitam
2538 1171 2664 1221 tra-

537 1275 712 1348 hant,
777 1277 982 1330 notum
1037 1278 1158 1345 est,
1214 1273 1300 1329 ita
1346 1285 1583 1345 quoque
1635 1266 1780 1326 illud
1838 1267 2160 1325 humanum
2211 1264 2456 1332 Creme,
2510 1264 2669 1338 quod

541 1382 713 1433 extra
765 1372 1098 1432 Ecclesiam
1144 1373 1247 1430 ubi
1297 1370 1567 1429 Verbum
1617 1376 1738 1442 est,
1795 1370 1965 1440 vIvit‚
2039 1376 2098 1424 et
2152 1368 2456 1426 constituit
2503 1363 2676 1422 illius¹

540 1476 794 1534 hominis
836 1473 1130 1532 membra:
1189 1472 1526 1548 conjunctio
1576 1469 1746 1528 Coeli
1793 1487 1901 1544 per
1938 1468 2204 1527 Verbum
2245 1485 2376 1527 cum
2416 1465 2533 1523 illis
2564 1468 2667 1540 qui

541 1577 792 1645 distant,
844 1576 1020 1631 etiam
1065 1575 1399 1648 comparari
1434 1578 1636 1646 potcst
1682 1570 1862 1644 Luci,
1922 1587 2077 1645 quac
2118 1588 2148 1628 e
2187 1569 2379 1626 medio
2430 1583 2658 1642 propa-

543 1682 718 1752 gatur
753 1676 1167 1746 circumcirca3
1218 1674 1440 1733 Divina
1475 1671 1608 1730 Lux
1647 1674 1824 1730 estin
1860 1670 2063 1729 Verbo
2080 1686 2207 1743 ,sac
2247 1670 2332 1727 ibi
2367 1668 2665 1725 Dominus

543 1794 678 1835 cum
708 1775 892 1836 Coelo
928 1792 1240 1851 praesens,
1282 1791 1356 1832 ex
1386 1791 1505 1849 qua
1532 1776 1880 1849 praesentia
1917 1774 2094 1830 etiam
2125 1771 2415 1829 distantes
2445 1772 2502 1826 iu
2531 1767 2666 1827 lu‘ce

542 1884 710 1951 sunt3
751 1876 924 1935 aliter
957 1877 1111 1934 soret
1140 1878 1192 1934 si
1222 1893 1343 1933 non
1367 1874 1668 1933 Verbum:
1722 1874 1875 1932 haec
1913 1871 2170 1948 amplius
2202 1870 2491 1931 elucidari
2516 1885 2666 1947 pos-

541 1986 682 2037 sunt
714 1996 826 2054 per
851 1977 957 2035 illa
994 1995 1147 2052 quae
1185 1993 1371 2052 supra
1407 1975 1480 2032 de
1518 1976 1710 2033 forma
1739 1973 1907 2034 Coeli
1942 1973 2274 2031 secundum
2313 1988 2491 2048 quam
2519 1988 2664 2030 con-

539 2081 900 2139 sociationcs
960 2083 1019 2136 et
1064 2078 1631 2135 communicationes
1679 2075 1794 2149 ibi,
1854 2081 2097 2134 ostensa
2146 2068 2304 2131 sunt.
2353 2071 2516 2132 ⁷Sed
2550 2071 2663 2129 hoc

542 2179 843 2239 Arcanum
885 2176 1424 2252 comprehensibile
1474 2182 1568 2233 est
1614 2175 1731 2233 illis
1771 2177 1872 2251 qui
1906 2178 1966 2232 in
2002 2174 2299 2250 spirituali
2335 2173 2468 2232 luce
2506 2178 2662 2243 sunt,

540 2296 659 2336 non
708 2285 905 2335 autem
954 2276 1073 2334 illis
1130 2279 1229 2352 qui
1285 2276 1475 2333 solum
1529 2278 1586 2333 in
1631 2276 1922 2350 naturali3
1978 2292 2114 2332 nam
2152 2275 2237 2333 illi
2286 2276 2385 2350 qui
2424 2276 2485 2332 iu
2530 2273 2665 2332 luce

537 2378 840 2455 spirituali
876 2385 1047 2453 sunt,
1103 2376 1561 2435 innumerabilia
1598 2376 1758 2435 clare
1803 2375 2034 2449 vident,
2094 2394 2248 2451 quae
2288 2374 2377 2433 illi
2421 2377 2524 2451 qui
2558 2390 2675 2434 so·-

541 2480 667 2539 lum
704 2481 765 2537 in
800 2478 935 2537 luce
974 2478 1235 2538 naturali
1270 2462 1417 2536 sunt.
1447 2494 1565 2536 non
1600 2476 1835 2552 vident,
1893 2484 1997 2535 aut
2034 2478 2191 2535 sicut
2228 2494 2404 2535 unum
2445 2475 2665 2535 obscu-

535 2600 669 2641 rum
705 2582 927 2642 vident.

694 2704 856 2760 309.
938 2700 1071 2758 Nisi
1120 2700 1241 2759 tale
1291 2700 1560 2758 Verbum
1616 2701 1674 2757 in
1722 2699 1835 2756 hac
1886 2699 2131 2758 Tellure
2185 2698 2385 2756 datum
2428 2699 2680 2771 suisset,·

535 2803 714 2862 homo
750 2802 928 2876 hujus
970 2800 1233 2858 Telluris
1273 2809 1600 2876 separatus
1639 2801 1854 2858 inisset
1890 2818 1925 2857 a
1964 2800 2180 2873 Coelo,
2239 2806 2298 2857 et
2333 2802 2384 2857 si
2412 2815 2666 2874 separa-

542 2911 640 2960 tus
680 2918 716 2958 a
756 2900 941 2959 Coelo
979 2918 1093 2959 non
1123 2901 1380 2975 amplius
1419 2899 1727 2959 rationalis
1768 2909 1960 2974 esset3
2014 2899 2331 2959 Rationale
2361 2901 2517 2957 enim
2543 2899 2661 2958 hu-

542 3019 781 3060 manum
822 3002 1022 3058 existit
1063 3019 1135 3056 ex
1164 3000 1391 3058 influxu
1426 3001 1577 3058 lucis
1621 3000 1805 3059 Coeli.
1863 3002 2055 3059 Homo
2087 3003 2265 3060 etiam
2299 3001 2480 3077 hujus
2513 2999 2662 3059 Tel-

540 3100 690 3160 luris
733 3100 869 3158 talis
910 3108 1017 3171 est,
1060 3108 1123 3158 ut
1158 3119 1273 3158 non
1311 3103 1584 3177 recipere
1620 3104 1814 3177 possit
1849 3101 2300 3161 Rex-elationem
2344 3100 2659 3160 immedia-

536 3209 692 3274 tam,
752 3206 811 3259 et
839 3218 950 3276 per
976 3199 1141 3259 illam
1174 3192 1383 3259 instrui
1422 3201 1495 3260 de
1537 3204 1698 3259 veris
1741 3202 1994 3274 DiviniS,
2044 3205 2199 3261 sieut
2232 3202 2465 3262 incolae
2504 3200 2659 3259 alia-

536 3320 668 3360 rum
715 3301 1058 3376 Tellurum,
1117 3301 1190 3359 de
1243 3301 1457 3377 quibus
1503 3304 1563 3359 in
1606 3283 1898 3377 peculiari
1948 3302 2257 3380 Opusculo
2296 3312 2492 3361 actum
2531 3310 2655 3377 est;

538 3412 631 3463 est
667 3406 823 3463 enim
861 3403 1002 3480 plus
1041 3421 1218 3479 quam
1259 3401 1347 3460 illi
1378 3403 1439 3460 in
1476 3402 1828 3473 mundaniS,
1877 3407 1962 3462 ita
1998 3404 2057 3463 in
2095 3406 2389 3477 externis,
2452 3420 2525 3462 ac
2561 3405 2658 3460 in-

858 3595 955 3604 φρ..-

689 3692 809 3758 (ee)
853 3690 1021 3769 Quod
1063 3692 1322 3745 Ecclesia
1367 3691 1424 3744 in
1477 3692 1670 3763 specie
1714 3691 1788 3746 sit
1828 3693 1928 3746 ubi
1972 3692 2229 3746 Verbum
2272 3702 2389 3765 est,
2453 3703 2510 3745 et
2553 3710 2660 3764 per·

536 3767 595 3820 id
635 3766 916 3819 Dominus
958 3778 1159 3831 notu5‚
1208 3770 1282 3821 ita
1327 3767 1425 3820 ubi
1471 3770 1679 3822 Divina
1719 3772 1869 3822 Vera
1914 3787 1944 3821 c
1980 3769 2163 3822 Coelo
2208 3779 2337 3821 sunt
2379 3769 2654 3838 revelata,

535 3861 604 3894 nt
637 3851 805 3903 3857.
844 3851 1048 3902 10761.
1131 3843 1297 3908 Quod
1339 3846 1598 3897 Ecclesia
1641 3845 1875 3898 Domini
1922 3845 1997 3897 sit
2031 3845 2181 3916 apud
2227 3861 2426 3897 omnes
2461 3844 2555 3915 qui
2598 3845 2657 3895 in

538 3919 814 3971 universo
871 3929 1163 3971 terrarum
1216 3919 1362 3971 orbe
1416 3920 1473 3970 in
1515 3921 1674 3973 bono
1719 3921 1922 3974 vivunt
1962 3921 2277 3975 secundum
2320 3921 2656 3992 religiosum

535 4011 733 4058 suum,
795 4011 861 4044 n:
918 4001 1082 4052 3263.
1139 4003 1308 4054 6637.
1360 4003 1566 4055 10761.
1661 3996 1828 4061 Quod
1881 4014 2081 4050 omncs
2129 3998 2462 4070 ubicunque
2504 4007 2657 4062 sunt,

536 4069 635 4140 qui
683 4069 739 4120 in
781 4068 941 4118 bono
990 4068 1194 4121 vivunt
1243 4070 1557 4124 secundum
1599 4074 1936 4144 religiosum
1984 4091 2181 4137 suum,
2246 4084 2303 4126 et
2341 4082 2660 4146 agnoscunt

535 4143 829 4205 Divinum,
872 4153 1247 4213 acceptentur
1281 4162 1311 4196 a
1352 4148 1627 4213 Domino,
1671 4167 1736 4200 n:
1782 4156 1930 4209 2589
1967 4149 2036 4202 ad
2073 4157 2243 4211 2604.
2286 4158 2458 4211 2861.
2488 4157 2657 4209 2863.

536 4227 704 4280 3263.
749 4226 916 4280 4190.
964 4226 1134 4280 4197.
1184 4229 1350 4281 6700.
1396 4230 1567 4283 9256.
1657 4226 1733 4278 Et
1775 4236 2073 4295 praeterea
2130 4243 2330 4279 omncs
2385 4225 2654 4287 infantes,

534 4296 867 4367 ubicunque
912 4296 1061 4360 nati,
1107 4314 1173 4350 n:
1218 4303 1366 4358 2289
1401 4298 1471 4352 ad
1508 4307 1675 4361 2309.
1722 4308 1886 4362 4792.
