3013 5114
713 410 807 462 DE
852 407 1128 466 GAUDIO
1172 409 1267 463 ET
1306 410 1740 466 FEuclTA'rE
1785 385 2160 471 coEtEs'rl.
2395 428 2505 479 235
2548 460 2561 467 ,

1136 499 1168 527 ἃ

378 566 752 647 voluptate53
802 570 1074 646 jucunda
1121 577 1323 630 autem
1378 574 1612 632 animae
1661 590 1771 632 seu
1828 575 2073 651 spiritus
2125 578 2320 633 omnia
2358 596 2502 654 pro-

374 670 691 729 fluunt'ex
744 687 945 728 amore
985 673 1045 729 in
1088 672 1411 730 Dominum
1466 682 1526 732 et
1569 692 1645 733 ex
1701 692 1903 734 amore
1955 693 2097 752 erga
2143 680 2500 753 proximum,

371 772 511 831 inde
559 789 797 848 quoque
849 779 990 829 sunt
1026 773 1373 832 affectiones
1415 774 1558 833 boni
1594 781 1653 834 et
1698 778 1855 851 veri,
1913 794 1981 835 ac
2019 777 2358 836 faustitates
2407 781 2501 836 in-

372 875 661 932 teriores:
724 872 786 931 hi
823 891 1060 933 amores
1113 892 1248 934 cum
1295 876 1420 934 suis
1462 876 1746 953 jucundis
1788 878 2042 936 influunt
2078 896 2114 935 a
2148 879 2402 937 Domino
2444 888 2503 939 et

376 994 409 1034 e
462 973 646 1034 Coelo
703 991 816 1051 per
867 976 1027 1033 viam
1076 978 1398 1046 internam,
1459 994 1614 1053 quae
1660 976 1756 1036 'est
1792 996 1829 1035 a
1877 980 2208 1058 superiori,
2268 986 2326 1038 et
2367 980 2500 1038 affi-

377 1078 540 1134 ciunt
572 1077 856 1134 interiora
869 1095 885 1151 3
940 1075 1028 1134 illi
1068 1082 1265 1135 autem
1304 1094 1538 1136 amores
1585 1095 1720 1136 cum
1757 1080 1881 1137 suis
1918 1079 2202 1157 jucundis
2245 1081 2501 1139 influunt

375 1194 448 1236 ex
492 1193 669 1235 carne
713 1182 770 1234 et
801 1194 832 1235 e
870 1177 1089 1236 mundo
1125 1195 1237 1254 per
1264 1180 1420 1236 viam
1450 1185 1776 1250 externam,
1817 1198 1971 1256 quae
2012 1186 2101 1238 est
2138 1181 2213 1238 ab
2253 1182 2498 1240 inferio-

370 1295 467 1352 re,
526 1284 587 1336 et
636 1277 901 1337 afficiunt
958 1281 1276 1338 exteriora.
1360 1277 1664 1355 Quantum
1708 1283 1909 1356 itaque
1960 1283 2330 1358 recipiuntur
2377 1283 2501 1340 bini

368 1378 457 1437 illi
493 1395 729 1437 amores
762 1378 930 1438 Coeli
957 1386 1017 1438 et
1043 1380 1331 1449 afficiunt,
1366 1386 1598 1439 tantum
1633 1384 1986 1457 aperiuntur
2013 1383 2312 1455 interiora,
2346 1401 2501 1459 quae

370 1486 511 1537 sunt
556 1482 789 1538 animae
841 1497 954 1540 seu
1004 1483 1289 1557 spiritus»,
1348 1489 1409 1540 et
1443 1489 1725 1559 spectant
1761 1501 1797 1540 a
1831 1482 2050 1542 mundo
2093 1483 2169 1541 ad
2218 1482 2466 1544 Ocelum
2482 1505 2498 1558 3

369 1587 654 1656 quantum
692 1588 889 1639 autem
928 1584 1303 1658 recipiuntur
1329 1582 1453 1640 bini
1481 1583 1569 1641 illi
1607 1600 1841 1642 amores
1878 1583 2082 1642 mundi
2119 1591 2179 1642 et
2215 1585 2496 1659 afficiunt,

368 1687 598 1740 tantum
635 1685 985 1758 aperiuntur
1028 1684 1357 1753 exteriora,
1412 1701 1567 1759 quae
1613 1693 1756 1743 sunt
1805 1687 2072 1760 corporis
2123 1702 2234 1744 seu
2275 1689 2494 1760 car-nie,

370 1791 431 1840 et
465 1791 744 1859 spectant
782 1803 817 1842 a
849 1783 1034 1842 Coelo
1071 1784 1149 1842 ad
1181 1785 1496 1842 mundum:
1554 1788 1709 1843 sicut
1743 1787 1997 1843 influunt
2028 1803 2262 1844 amores
2301 1794 2361 1844 et
2396 1805 2497 1844 re·-

367 1885 695 1960 cipiuntur,
753 1886 839 1942 ita
884 1885 1063 1942 simul
1106 1887 1282 1943 ctiam
1324 1886 1577 1943 influunt
1613 1885 1849 1944 illorum
1882 1886 2182 1963 jucunda,
2240 1890 2298 1944 in
2334 1890 2494 1953 inte-

369 1987 528 2042 riora
554 1985 829 2061 jucunda
857 1986 1038 2058 coeli,
1081 1989 1140 2043 in
1180 1989 1480 2045 exteriora
1506 1986 1779 2063 jucunda
1813 1986 2043 2060 mundi,
2099 1989 2393 2062 quoniam,
2434 1995 2500 2045 ut

364 2086 590 2144 dictum
636 2095 755 2160 cst,
797 2105 969 2145 omne
999 2087 1331 2163 jucundum
1370 2096 1461 2145 est
1497 2089 1735 2146 amoris.

520 2190 683 2246 397.
741 2188 992 2248 Coe-lum
1027 2190 1087 2246 in
1126 2206 1192 2247 se
1229 2189 1349 2247 tale
1389 2194 1508 2262 est,
1557 2196 1624 2246 ut
1655 2189 1901 2264 plenum
1931 2193 2012 2246 sit
2040 2189 2344 2266 jucundis),
2386 2207 2494 2248 us-

363 2306 478 2365 que
518 2289 669 2347 adeo
709 2297 777 2347 ut
816 2292 875 2347 in
912 2305 979 2346 se
1009 2296 1348 2366 spectatum
1377 2307 1494 2347 non
1533 2293 1611 2347 sit
1645 2292 1762 2347 nisi
1802 2307 1978 2366 quarn
2017 2291 2256 2349 beatum
2298 2298 2357 2347 et
2383 2292 2492 2368 ju·-

360 2390 635 2462 cundum‚
671 2393 951 2466 quoniam
972 2390 1258 2449 Divinum
1285 2391 1518 2451 Bonum
1547 2390 1880 2467 procedens
1914 2408 1987 2447 ex
2013 2391 2234 2451 Divino
2266 2392 2488 2448 Amore

356 2490 596 2549 Domini
624 2492 768 2550 facit
798 2491 1043 2551 Coelum
1081 2495 1140 2550 in
1174 2495 1467 2550 communi
1503 2501 1562 2548 et
1597 2493 1655 2547 in
1691 2491 2040 2566 particulari
2079 2490 2240 2567 apud
2269 2509 2488 2548 unum-

362 2596 633 2668 quemvis
669 2587 800 2668 ibi,¹
847 2610 917 2651 ac
953 2593 1211 2651 Divinus
1263 2596 1450 2653 Amor
1487 2600 1582 2651 est
1629 2592 1788 2650 velle
1827 2595 2087 2651 omnium
2123 2587 2380 2658 salutem
2429 2600 2490 2650 et

355 2697 617 2753 omnium
659 2696 1007 2753 felicitatem
1055 2695 1130 2752 ab
1169 2696 1389 2753 intimis
1436 2701 1495 2752 et
1529 2694 1740 2770 plene:
1798 2692 1934 2751 inde
1974 2700 2099 2767 est,
2155 2692 2315 2769 quod
2352 2693 2486 2751 sive

357 2795 521 2855 dicas
562 2796 811 2854 Coelum
850 2798 976 2854 sive
1014 2795 1296 2872 gaudium
1337 2795 1634 2866 coeleste,
1692 2812 1871 2852 unum
1913 2796 2008 2851 sit.

514 2898 674 2957 398.
731 2896 1013 2956 Jucunda
1051 2895 1218 2955 Coeli
1257 2904 1397 2956 sunt
1433 2895 1782 2969 ineffabilia,
1840 2903 1900 2953 et
1937 2912 2174 2970 quoque
2206 2901 2346 2953 sunt
2388 2898 2483 2954 in·-

354 2999 779 3073 numerabilia,
839 2998 952 3057 sed
1002 3015 1075 3056 ex
1120 2996 1652 3056 innumerabilibus
1687 2996 1917 3056 nullum
1955 3003 2156 3072 potest
2199 2999 2337 3054 sciri
2374 3015 2485 3056 nec

355 3099 516 3158 credi
564 3100 639 3158 ab
688 3099 791 3158 illo
842 3101 945 3182 qui
997 3101 1057 3156 in
1120 3098 1251 3157 solo
1304 3098 1572 3175 jucundo
1627 3100 1893 3173 corporis
1950 3115 2061 3156 seu
2122 3100 2317 3156 carnis
2371 3106 2481 3171 est,

350 3203 662 3278 quoniam,
700 3209 766 3258 ut
804 3218 992 3276 supra
1028 3199 1251 3258 dictum
1289 3206 1410 3274 est,
1451 3201 1733 3258 interiora
1769 3200 1899 3276 eJus
1927 3205 2205 3273 spectant
2241 3217 2277 3256 a
2305 3200 2476 3257 coelo

352 3302 428 3360 ad
465 3302 783 3375 mundum,
823 3304 909 3360 ita
943 3308 1136 3376 retr03
1183 3295 1319 3358 nam
1351 3304 1452 3377 qui
1478 3307 1640 3360 totus
1668 3303 1728 3358 in
1756 3300 2024 3378 jucundo
2063 3301 2329 3374 corporis
2367 3316 2477 3357 seu

354 3406 549 3462 carnis
590 3410 714 3473 cst,
770 3419 890 3462 seu
918 3402 1080 3478 quod
1125 3402 1315 3477 idem,
1373 3404 1430 3460 in
1477 3418 1680 3460 amore
1717 3404 1811 3459 sui
1849 3407 1908 3459 et
1946 3398 2184 3467 mundi,
2237 3401 2288 3455 is
2334 3398 2479 3456 nihil

341 3497 597 3579 jucundi
648 3506 830 3563 sentit
874 3505 989 3562 nisi
1023 3521 1199 3579 quam
1251 3505 1311 3562 in
1361 3505 1587 3563 honore
1605 3547 1622 3577 ,
1690 3502 1890 3574 lucro,
1957 3507 2018 3558 et
2070 3498 2480 3574 voluptatibus

350 3606 620 3679 corporis
661 3612 720 3661 et
756 3583 1060 3678 sensuum,
1102 3597 1255 3680 quae
1282 3607 1367 3663 ita
1397 3606 1783 3679 exstinguunt
1812 3606 1873 3659 et
1900 3599 2192 3659 suffocant
2209 3600 2480 3676 Jucunda

348 3706 669 3777 interiora,
717 3722 869 3780 quae
908 3705 1056 3763 coeli
1092 3713 1253 3777 sunt,
1292 3714 1357 3764 ut
1389 3723 1509 3763 non
1545 3703 1864 3762 credantur
1902 3700 2060 3777 quod
2097 3702 2245 3776 sint3
2288 3719 2480 3777 quare

343 3806 525 3865 valde
562 3808 892 3865 miraturus
932 3814 1122 3878 esset,
1163 3809 1214 3864 si
1242 3807 1417 3867 modo
1452 3806 1750 3863 diceretur
1779 3802 1939 3878 quod
1971 3802 2184 3860 dentur
2210 3803 2478 3879 jucunda

345 3910 594 3978 rewtis
639 3906 928 3986 jucundis
965 3906 1211 3966 honoris
1262 3916 1324 3966 et
1358 3907 1544 3977 lucri,
1604 3914 1664 3964 et
1706 3904 1899 3964 adhuc
1938 3906 2156 3980 magiS,
2213 3907 2263 3963 si
2309 3904 2474 3963 dice-

788 4022 809 4049 ’ἓ
849 4011 852 4016 ’
918 4008 1083 4077 3:1da
1143 4008 1297 4067 coeli
1339 4008 1473 4068 loco
1523 4007 1762 4067 illorum
1812 4005 2196 4065 succedentia
2231 4009 2351 4065 sint
2386 4009 2479 4063 in-

339 4088 673 4184 nameka(
1023 4127 1062 4176 a
1094 4115 1163 4168 ut
1179 4109 1450 4188 jucunda
1479 4111 1746 4186 corporis
1786 4114 1845 4167 et
1871 4108 2087 4177 carniS,
2119 4125 2271 4182 quae
2300 4125 2479 4183 prae-

341 4197 521 4289 cipue
560 4195 722 4270 sun
889 4191 912 4214 '¹
948 4209 1106 4290 M
1107 4205 1300 4283 lucri,
1355 4229 1487 4270 cum
1525 4212 1644 4270 illis
1681 4228 1799 4267 non
1837 4209 2170 4284 comparari
2220 4213 2477 4281 queant:

337 4309 481 4377 inde
525 4314 697 4390 patet
729 4329 924 4376 causa
935 4289 1277 4394 {amnon
1315 4314 1500 4373 scitur
1538 4311 1680 4388 quid
1717 4309 2001 4387 gaudium
2039 4306 2319 4365 coeleste.

855 4419 912 4464 ..an
