<?xml version="1.0" encoding="UTF-8"?>
<!DOCTYPE html PUBLIC "-//W3C//DTD XHTML 1.0 Transitional//EN"
    "http://www.w3.org/TR/xhtml1/DTD/xhtml1-transitional.dtd">
<html xmlns="http://www.w3.org/1999/xhtml" xml:lang="en" lang="en">
 <head>
  <title>
</title>
<meta http-equiv="Content-Type" content="text/html;charset=utf-8" />
  <meta name='ocr-system' content='tesseract 3.04.00' />
  <meta name='ocr-capabilities' content='ocr_page ocr_carea ocr_par ocr_line ocrx_word'/>
</head>
<body>
  <div class='ocr_page' id='page_1' title='image "./decoeloetejusmi00tafegoog_0017.png"; bbox 0 0 3013 5114; ppageno 0'>
   <div class='ocr_carea' id='block_1_1' title="bbox 671 375 2457 441">
    <p class='ocr_par' dir='ltr' id='par_1_1' title="bbox 671 375 2457 441">
     <span class='ocr_line' id='line_1_1' title="bbox 671 375 2457 441; baseline 0.001 -11"><span class='ocrx_word' id='word_1_1' title='bbox 671 376 978 431; x_wconf 84' lang='lat' dir='ltr'><strong>DIVINUM</strong></span> <span class='ocrx_word' id='word_1_2' title='bbox 1018 375 1278 431; x_wconf 92' lang='lat' dir='ltr'><strong>DOMINI</strong></span> <span class='ocrx_word' id='word_1_3' title='bbox 1316 377 1389 431; x_wconf 86' lang='lat' dir='ltr'><strong>IN</strong></span> <span class='ocrx_word' id='word_1_4' title='bbox 1432 378 1668 434; x_wconf 85' lang='lat' dir='ltr'>COELO</span> <span class='ocrx_word' id='word_1_5' title='bbox 1716 378 1852 433; x_wconf 87' lang='lat' dir='ltr'><strong>EST</strong></span> <span class='ocrx_word' id='word_1_6' title='bbox 1886 377 2110 433; x_wconf 81' lang='lat' dir='ltr'><strong>AMOR.</strong></span> <span class='ocrx_word' id='word_1_7' title='bbox 2393 390 2457 441; x_wconf 84' lang='lat'><strong>11</strong></span> 
     </span>
    </p>
   </div>
   <div class='ocr_carea' id='block_1_2' title="bbox 320 536 2460 3225">
    <p class='ocr_par' dir='ltr' id='par_1_2' title="bbox 320 536 2460 2724">
     <span class='ocr_line' id='line_1_2' title="bbox 335 536 2460 616; baseline 0 -19"><span class='ocrx_word' id='word_1_8' title='bbox 335 543 432 597; x_wconf 90' lang='lat' dir='ltr'><strong>cet</strong></span> <span class='ocrx_word' id='word_1_9' title='bbox 477 555 552 595; x_wconf 79' lang='lat' dir='ltr'><strong>ex</strong></span> <span class='ocrx_word' id='word_1_10' title='bbox 591 536 745 595; x_wconf 86' lang='lat' dir='ltr'><strong>facie</strong></span> <span class='ocrx_word' id='word_1_11' title='bbox 794 536 1030 596; x_wconf 90' lang='lat' dir='ltr'><strong>illorum</strong></span> <span class='ocrx_word' id='word_1_12' title='bbox 1044 582 1061 613; x_wconf 86' lang='lat'><em>‚</em></span> <span class='ocrx_word' id='word_1_13' title='bbox 1119 555 1194 597; x_wconf 82' lang='lat' dir='ltr'><strong>ex</strong></span> <span class='ocrx_word' id='word_1_14' title='bbox 1241 536 1514 613; x_wconf 81' lang='lat' dir='ltr'>loquela,</span> <span class='ocrx_word' id='word_1_15' title='bbox 1582 545 1642 597; x_wconf 92' lang='lat' dir='ltr'><strong>et</strong></span> <span class='ocrx_word' id='word_1_16' title='bbox 1688 557 1761 597; x_wconf 87' lang='lat' dir='ltr'><strong>ex</strong></span> <span class='ocrx_word' id='word_1_17' title='bbox 1815 537 2066 616; x_wconf 85' lang='lat' dir='ltr'>siugulis</span> <span class='ocrx_word' id='word_1_18' title='bbox 2113 541 2272 596; x_wconf 88' lang='lat' dir='ltr'><strong>vitae</strong></span> <span class='ocrx_word' id='word_1_19' title='bbox 2321 538 2460 597; x_wconf 90' lang='lat' dir='ltr'><strong>illo-</strong></span> 
     </span>
     <span class='ocr_line' id='line_1_3' title="bbox 333 631 2459 718; baseline 0.001 -22"><span class='ocrx_word' id='word_1_20' title='bbox 333 655 465 696; x_wconf 92' lang='lat' dir='ltr'><strong>rum</strong></span> <span class='ocrx_word' id='word_1_21' title='bbox 505 631 612 718; x_wconf 79' lang='lat' dir='ltr'><strong>(z).</strong></span> <span class='ocrx_word' id='word_1_22' title='bbox 709 638 1037 696; x_wconf 77' lang='lat' dir='ltr'><strong>Praeterea</strong></span> <span class='ocrx_word' id='word_1_23' title='bbox 1103 645 1241 697; x_wconf 88' lang='lat' dir='ltr'><strong>sunt</strong></span> <span class='ocrx_word' id='word_1_24' title='bbox 1300 638 1597 714; x_wconf 82' lang='lat' dir='ltr'><strong>sphaerae</strong></span> <span class='ocrx_word' id='word_1_25' title='bbox 1649 641 1811 697; x_wconf 88' lang='lat' dir='ltr'><strong>vitae</strong></span> <span class='ocrx_word' id='word_1_26' title='bbox 1862 638 2238 715; x_wconf 77' lang='lat' dir='ltr'><strong>spirituale8‚</strong></span> <span class='ocrx_word' id='word_1_27' title='bbox 2304 657 2459 715; x_wconf 83' lang='lat' dir='ltr'><strong>quae</strong></span> 
     </span>
     <span class='ocr_line' id='line_1_4' title="bbox 332 737 2460 816; baseline 0.002 -21"><span class='ocrx_word' id='word_1_28' title='bbox 332 737 670 815; x_wconf 88' lang='lat' dir='ltr'><strong>procedunt</strong></span> <span class='ocrx_word' id='word_1_29' title='bbox 707 755 783 797; x_wconf 87' lang='lat' dir='ltr'><strong>ex</strong></span> <span class='ocrx_word' id='word_1_30' title='bbox 818 755 1178 814; x_wconf 88' lang='lat' dir='ltr'><strong>unoquoque</strong></span> <span class='ocrx_word' id='word_1_31' title='bbox 1218 739 1431 816; x_wconf 90' lang='lat' dir='ltr'><strong>angelo</strong></span> <span class='ocrx_word' id='word_1_32' title='bbox 1471 746 1532 798; x_wconf 91' lang='lat' dir='ltr'><strong>et</strong></span> <span class='ocrx_word' id='word_1_33' title='bbox 1570 757 1645 798; x_wconf 83' lang='lat' dir='ltr'><strong>ex</strong></span> <span class='ocrx_word' id='word_1_34' title='bbox 1687 756 2049 816; x_wconf 91' lang='lat' dir='ltr'><strong>unoquoque</strong></span> <span class='ocrx_word' id='word_1_35' title='bbox 2100 742 2345 816; x_wconf 90' lang='lat' dir='ltr'><strong>spiritu,</strong></span> <span class='ocrx_word' id='word_1_36' title='bbox 2400 747 2460 799; x_wconf 89' lang='lat' dir='ltr'><strong>et</strong></span> 
     </span>
     <span class='ocr_line' id='line_1_5' title="bbox 336 838 2458 916; baseline 0 -18"><span class='ocrx_word' id='word_1_37' title='bbox 336 838 820 898; x_wconf 86' lang='lat' dir='ltr'><strong>circumfundunt</strong></span> <span class='ocrx_word' id='word_1_38' title='bbox 855 838 1024 912; x_wconf 74' lang='lat' dir='ltr'><strong>moe,</strong></span> <span class='ocrx_word' id='word_1_39' title='bbox 1088 856 1199 915; x_wconf 91' lang='lat' dir='ltr'><strong>per</strong></span> <span class='ocrx_word' id='word_1_40' title='bbox 1239 856 1388 913; x_wconf 88' lang='lat' dir='ltr'><strong>quas</strong></span> <span class='ocrx_word' id='word_1_41' title='bbox 1433 846 1763 900; x_wconf 89' lang='lat' dir='ltr'><strong>noscuntur</strong></span> <span class='ocrx_word' id='word_1_42' title='bbox 1798 841 2150 916; x_wconf 82' lang='lat' dir='ltr'>quandoque</span> <span class='ocrx_word' id='word_1_43' title='bbox 2187 840 2264 898; x_wconf 89' lang='lat' dir='ltr'><strong>ad</strong></span> <span class='ocrx_word' id='word_1_44' title='bbox 2301 840 2458 899; x_wconf 88' lang='lat' dir='ltr'><strong>mul-</strong></span> 
     </span>
     <span class='ocr_line' id='line_1_6' title="bbox 330 936 2456 1016; baseline 0 -18"><span class='ocrx_word' id='word_1_45' title='bbox 330 945 456 998; x_wconf 85' lang='lat' dir='ltr'><strong>tam</strong></span> <span class='ocrx_word' id='word_1_46' title='bbox 495 936 864 1014; x_wconf 74' lang='lat' dir='ltr'><strong>distantiam,</strong></span> <span class='ocrx_word' id='word_1_47' title='bbox 924 939 1134 1015; x_wconf 90' lang='lat' dir='ltr'><strong>quales</strong></span> <span class='ocrx_word' id='word_1_48' title='bbox 1183 946 1322 998; x_wconf 87' lang='lat' dir='ltr'><strong>sunt</strong></span> <span class='ocrx_word' id='word_1_49' title='bbox 1374 941 1572 1016; x_wconf 91' lang='lat' dir='ltr'><strong>quoad</strong></span> <span class='ocrx_word' id='word_1_50' title='bbox 1617 939 1960 999; x_wconf 87' lang='lat' dir='ltr'><strong>affectiones</strong></span> <span class='ocrx_word' id='word_1_51' title='bbox 2015 957 2169 1015; x_wconf 85' lang='lat' dir='ltr'><strong>quae</strong></span> <span class='ocrx_word' id='word_1_52' title='bbox 2207 943 2456 1014; x_wconf 82' lang='lat' dir='ltr'><strong>amoris3</strong></span> 
     </span>
     <span class='ocr_line' id='line_1_7' title="bbox 333 1038 2460 1117; baseline 0 -20"><span class='ocrx_word' id='word_1_53' title='bbox 333 1056 471 1097; x_wconf 89' lang='lat' dir='ltr'><strong>nam</strong></span> <span class='ocrx_word' id='word_1_54' title='bbox 511 1038 811 1116; x_wconf 80' lang='lat' dir='ltr'><strong>sphaerae</strong></span> <span class='ocrx_word' id='word_1_55' title='bbox 846 1039 988 1098; x_wconf 91' lang='lat' dir='ltr'><strong>illae</strong></span> <span class='ocrx_word' id='word_1_56' title='bbox 1033 1039 1281 1098; x_wconf 89' lang='lat' dir='ltr'><strong>effluunt</strong></span> <span class='ocrx_word' id='word_1_57' title='bbox 1318 1057 1392 1098; x_wconf 88' lang='lat' dir='ltr'><strong>ex</strong></span> <span class='ocrx_word' id='word_1_58' title='bbox 1428 1043 1554 1099; x_wconf 87' lang='lat' dir='ltr'><strong>vita</strong></span> <span class='ocrx_word' id='word_1_59' title='bbox 1591 1039 1922 1099; x_wconf 87' lang='lat' dir='ltr'><strong>affectionis</strong></span> <span class='ocrx_word' id='word_1_60' title='bbox 1961 1049 2021 1100; x_wconf 92' lang='lat' dir='ltr'><strong>et</strong></span> <span class='ocrx_word' id='word_1_61' title='bbox 2053 1040 2191 1100; x_wconf 90' lang='lat' dir='ltr'><strong>inde</strong></span> <span class='ocrx_word' id='word_1_62' title='bbox 2229 1043 2460 1117; x_wconf 86' lang='lat' dir='ltr'><strong>cogita-</strong></span> 
     </span>
     <span class='ocr_line' id='line_1_8' title="bbox 335 1140 2459 1218; baseline 0.001 -21"><span class='ocrx_word' id='word_1_63' title='bbox 335 1141 557 1213; x_wconf 81' lang='lat' dir='ltr'><strong>tioniS,</strong></span> <span class='ocrx_word' id='word_1_64' title='bbox 615 1155 726 1198; x_wconf 83' lang='lat' dir='ltr'><strong>seu</strong></span> <span class='ocrx_word' id='word_1_65' title='bbox 765 1158 839 1199; x_wconf 86' lang='lat' dir='ltr'><strong>ex</strong></span> <span class='ocrx_word' id='word_1_66' title='bbox 873 1142 998 1198; x_wconf 86' lang='lat' dir='ltr'><strong>vita</strong></span> <span class='ocrx_word' id='word_1_67' title='bbox 1045 1142 1266 1200; x_wconf 84' lang='lat' dir='ltr'><strong>amoris</strong></span> <span class='ocrx_word' id='word_1_68' title='bbox 1318 1146 1379 1199; x_wconf 92' lang='lat' dir='ltr'><strong>et</strong></span> <span class='ocrx_word' id='word_1_69' title='bbox 1424 1141 1562 1200; x_wconf 90' lang='lat' dir='ltr'><strong>inde</strong></span> <span class='ocrx_word' id='word_1_70' title='bbox 1608 1140 1749 1199; x_wconf 91' lang='lat' dir='ltr'><strong>fidei</strong></span> <span class='ocrx_word' id='word_1_71' title='bbox 1804 1140 2070 1216; x_wconf 88' lang='lat' dir='ltr'><strong>cujusvis</strong></span> <span class='ocrx_word' id='word_1_72' title='bbox 2084 1161 2101 1216; x_wconf 81' lang='lat'><em>3</em></span> <span class='ocrx_word' id='word_1_73' title='bbox 2158 1141 2459 1218; x_wconf 86' lang='lat' dir='ltr'><strong>sphaerae</strong></span> 
     </span>
     <span class='ocr_line' id='line_1_9' title="bbox 334 1239 2457 1317; baseline 0.001 -21"><span class='ocrx_word' id='word_1_74' title='bbox 334 1239 413 1313; x_wconf 82' lang='lat' dir='ltr'><strong>ab</strong></span> <span class='ocrx_word' id='word_1_75' title='bbox 454 1239 706 1316; x_wconf 86' lang='lat' dir='ltr'><strong>Angelis</strong></span> <span class='ocrx_word' id='word_1_76' title='bbox 758 1239 1128 1316; x_wconf 84' lang='lat' dir='ltr'><strong>prodeuntes</strong></span> <span class='ocrx_word' id='word_1_77' title='bbox 1176 1246 1302 1298; x_wconf 90' lang='lat' dir='ltr'><strong>tam</strong></span> <span class='ocrx_word' id='word_1_78' title='bbox 1345 1241 1565 1317; x_wconf 88' lang='lat' dir='ltr'><strong>plenae</strong></span> <span class='ocrx_word' id='word_1_79' title='bbox 1612 1248 1751 1300; x_wconf 88' lang='lat' dir='ltr'><strong>sunt</strong></span> <span class='ocrx_word' id='word_1_80' title='bbox 1802 1257 2038 1315; x_wconf 86' lang='lat' dir='ltr'><strong>amore,</strong></span> <span class='ocrx_word' id='word_1_81' title='bbox 2094 1248 2162 1299; x_wconf 88' lang='lat' dir='ltr'><strong>ut</strong></span> <span class='ocrx_word' id='word_1_82' title='bbox 2197 1241 2457 1299; x_wconf 82' lang='lat' dir='ltr'><strong>afficiant</strong></span> 
     </span>
     <span class='ocr_line' id='line_1_10' title="bbox 330 1322 2459 1418; baseline 0 -21"><span class='ocrx_word' id='word_1_83' title='bbox 330 1322 539 1398; x_wconf 82' lang='lat' dir='ltr'><strong>intima</strong></span> <span class='ocrx_word' id='word_1_84' title='bbox 576 1343 741 1398; x_wconf 86' lang='lat' dir='ltr'><strong>vitae</strong></span> <span class='ocrx_word' id='word_1_85' title='bbox 782 1340 1019 1398; x_wconf 90' lang='lat' dir='ltr'><strong>illorum</strong></span> <span class='ocrx_word' id='word_1_86' title='bbox 1072 1341 1233 1417; x_wconf 90' lang='lat' dir='ltr'><strong>apud</strong></span> <span class='ocrx_word' id='word_1_87' title='bbox 1285 1357 1434 1418; x_wconf 90' lang='lat' dir='ltr'><strong>quos</strong></span> <span class='ocrx_word' id='word_1_88' title='bbox 1482 1349 1651 1401; x_wconf 87' lang='lat' dir='ltr'><strong>sunt:</strong></span> <span class='ocrx_word' id='word_1_89' title='bbox 1705 1348 2030 1418; x_wconf 82' lang='lat' dir='ltr'><strong>perceptae</strong></span> <span class='ocrx_word' id='word_1_90' title='bbox 2068 1341 2385 1416; x_wconf 86' lang='lat' dir='ltr'><strong>aliquoties</strong></span> <span class='ocrx_word' id='word_1_91' title='bbox 2423 1359 2459 1398; x_wconf 91' lang='lat' dir='ltr'><strong>a</strong></span> 
     </span>
     <span class='ocr_line' id='line_1_11' title="bbox 330 1425 2460 1522; baseline 0.001 -25"><span class='ocrx_word' id='word_1_92' title='bbox 330 1457 426 1497; x_wconf 89' lang='lat' dir='ltr'><strong>me</strong></span> <span class='ocrx_word' id='word_1_93' title='bbox 466 1447 636 1509; x_wconf 85' lang='lat' dir='ltr'><strong>sunt,</strong></span> <span class='ocrx_word' id='word_1_94' title='bbox 674 1425 766 1499; x_wconf 70' lang='lat' dir='ltr'><strong>’ac</strong></span> <span class='ocrx_word' id='word_1_95' title='bbox 805 1442 888 1497; x_wconf 85' lang='lat' dir='ltr'><strong>ita</strong></span> <span class='ocrx_word' id='word_1_96' title='bbox 924 1441 1252 1499; x_wconf 87' lang='lat' dir='ltr'><strong>affecerunt</strong></span> <span class='ocrx_word' id='word_1_97' title='bbox 1284 1438 1427 1522; x_wconf 89' lang='lat' dir='ltr'><strong>(aa).</strong></span> <span class='ocrx_word' id='word_1_98' title='bbox 1504 1442 1679 1518; x_wconf 85' lang='lat' dir='ltr'><strong>Quod</strong></span> <span class='ocrx_word' id='word_1_99' title='bbox 1716 1459 1882 1501; x_wconf 88' lang='lat' dir='ltr'><strong>amor</strong></span> <span class='ocrx_word' id='word_1_100' title='bbox 1917 1445 1996 1500; x_wconf 91' lang='lat' dir='ltr'><strong>sit</strong></span> <span class='ocrx_word' id='word_1_101' title='bbox 2031 1459 2068 1499; x_wconf 90' lang='lat' dir='ltr'><strong>a</strong></span> <span class='ocrx_word' id='word_1_102' title='bbox 2105 1459 2221 1517; x_wconf 91' lang='lat' dir='ltr'><strong>quo</strong></span> <span class='ocrx_word' id='word_1_103' title='bbox 2261 1441 2460 1516; x_wconf 88' lang='lat' dir='ltr'><strong>angeli</strong></span> 
     </span>
     <span class='ocr_line' id='line_1_12' title="bbox 329 1540 2457 1619; baseline 0 -21"><span class='ocrx_word' id='word_1_104' title='bbox 329 1557 503 1598; x_wconf 89' lang='lat' dir='ltr'><strong>suam</strong></span> <span class='ocrx_word' id='word_1_105' title='bbox 543 1543 721 1598; x_wconf 77' lang='lat' dir='ltr'><strong>vitam</strong></span> <span class='ocrx_word' id='word_1_106' title='bbox 758 1540 1010 1615; x_wconf 83' lang='lat' dir='ltr'><strong>habent,</strong></span> <span class='ocrx_word' id='word_1_107' title='bbox 1067 1540 1206 1601; x_wconf 88' lang='lat' dir='ltr'><strong>inde</strong></span> <span class='ocrx_word' id='word_1_108' title='bbox 1247 1544 1425 1600; x_wconf 89' lang='lat' dir='ltr'><strong>etiam</strong></span> <span class='ocrx_word' id='word_1_109' title='bbox 1464 1545 1690 1619; x_wconf 89' lang='lat' dir='ltr'><strong>patuit,</strong></span> <span class='ocrx_word' id='word_1_110' title='bbox 1751 1542 1911 1618; x_wconf 91' lang='lat' dir='ltr'><strong>quod</strong></span> <span class='ocrx_word' id='word_1_111' title='bbox 1947 1545 2357 1617; x_wconf 88' lang='lat' dir='ltr'><strong>unusquisque</strong></span> <span class='ocrx_word' id='word_1_112' title='bbox 2395 1543 2457 1599; x_wconf 92' lang='lat' dir='ltr'><strong>in</strong></span> 
     </span>
     <span class='ocr_line' id='line_1_13' title="bbox 329 1641 2451 1719; baseline 0 -21"><span class='ocrx_word' id='word_1_113' title='bbox 329 1641 523 1699; x_wconf 88' lang='lat' dir='ltr'><strong>altera</strong></span> <span class='ocrx_word' id='word_1_114' title='bbox 558 1643 683 1698; x_wconf 86' lang='lat' dir='ltr'><strong>vita</strong></span> <span class='ocrx_word' id='word_1_115' title='bbox 731 1659 797 1699; x_wconf 85' lang='lat' dir='ltr'><strong>se</strong></span> <span class='ocrx_word' id='word_1_116' title='bbox 834 1648 1030 1700; x_wconf 85' lang='lat' dir='ltr'><strong>vertat</strong></span> <span class='ocrx_word' id='word_1_117' title='bbox 1065 1642 1395 1700; x_wconf 87' lang='lat' dir='ltr'><strong>secundum</strong></span> <span class='ocrx_word' id='word_1_118' title='bbox 1430 1660 1694 1702; x_wconf 89' lang='lat' dir='ltr'><strong>amorem</strong></span> <span class='ocrx_word' id='word_1_119' title='bbox 1732 1659 1936 1717; x_wconf 84' lang='lat' dir='ltr'><strong>suum3</strong></span> <span class='ocrx_word' id='word_1_120' title='bbox 1995 1645 2096 1719; x_wconf 90' lang='lat' dir='ltr'><strong>qui</strong></span> <span class='ocrx_word' id='word_1_121' title='bbox 2141 1645 2202 1700; x_wconf 91' lang='lat' dir='ltr'><strong>in</strong></span> <span class='ocrx_word' id='word_1_122' title='bbox 2248 1660 2451 1701; x_wconf 91' lang='lat' dir='ltr'><strong>amore</strong></span> 
     </span>
     <span class='ocr_line' id='line_1_14' title="bbox 328 1740 2455 1823; baseline 0.001 -25"><span class='ocrx_word' id='word_1_123' title='bbox 328 1744 391 1798; x_wconf 89' lang='lat' dir='ltr'><strong>in</strong></span> <span class='ocrx_word' id='word_1_124' title='bbox 416 1740 735 1799; x_wconf 90' lang='lat' dir='ltr'><strong>Dominum</strong></span> <span class='ocrx_word' id='word_1_125' title='bbox 767 1749 907 1800; x_wconf 89' lang='lat' dir='ltr'><strong>sunt</strong></span> <span class='ocrx_word' id='word_1_126' title='bbox 934 1748 994 1800; x_wconf 92' lang='lat' dir='ltr'><strong>et</strong></span> <span class='ocrx_word' id='word_1_127' title='bbox 1020 1744 1080 1799; x_wconf 89' lang='lat' dir='ltr'><strong>in</strong></span> <span class='ocrx_word' id='word_1_128' title='bbox 1108 1760 1312 1802; x_wconf 89' lang='lat' dir='ltr'><strong>amore</strong></span> <span class='ocrx_word' id='word_1_129' title='bbox 1332 1760 1503 1823; x_wconf 27' lang='lat' dir='ltr'><strong>*erga</strong></span> <span class='ocrx_word' id='word_1_130' title='bbox 1531 1745 1894 1820; x_wconf 85' lang='lat' dir='ltr'><strong>proximum,</strong></span> <span class='ocrx_word' id='word_1_131' title='bbox 1945 1761 2011 1802; x_wconf 90' lang='lat' dir='ltr'><strong>se</strong></span> <span class='ocrx_word' id='word_1_132' title='bbox 2043 1749 2283 1802; x_wconf 85' lang='lat' dir='ltr'><strong>vertunt</strong></span> <span class='ocrx_word' id='word_1_133' title='bbox 2309 1760 2455 1801; x_wconf 92' lang='lat' dir='ltr'><strong>con-</strong></span> 
     </span>
     <span class='ocr_line' id='line_1_15' title="bbox 330 1842 2454 1918; baseline 0.001 -20"><span class='ocrx_word' id='word_1_134' title='bbox 330 1846 561 1898; x_wconf 81' lang='lat' dir='ltr'><strong>stanter</strong></span> <span class='ocrx_word' id='word_1_135' title='bbox 595 1842 673 1899; x_wconf 91' lang='lat' dir='ltr'><strong>ad</strong></span> <span class='ocrx_word' id='word_1_136' title='bbox 708 1843 1028 1900; x_wconf 89' lang='lat' dir='ltr'><strong>Dominum</strong></span> <span class='ocrx_word' id='word_1_137' title='bbox 1042 1863 1058 1917; x_wconf 79' lang='lat'>3</span> <span class='ocrx_word' id='word_1_138' title='bbox 1117 1846 1219 1918; x_wconf 90' lang='lat' dir='ltr'><strong>qui</strong></span> <span class='ocrx_word' id='word_1_139' title='bbox 1260 1849 1458 1902; x_wconf 90' lang='lat' dir='ltr'><strong>autem</strong></span> <span class='ocrx_word' id='word_1_140' title='bbox 1505 1846 1567 1901; x_wconf 90' lang='lat' dir='ltr'><strong>in</strong></span> <span class='ocrx_word' id='word_1_141' title='bbox 1603 1860 1805 1901; x_wconf 90' lang='lat' dir='ltr'><strong>amore</strong></span> <span class='ocrx_word' id='word_1_142' title='bbox 1847 1845 1941 1901; x_wconf 88' lang='lat' dir='ltr'><strong>sui</strong></span> <span class='ocrx_word' id='word_1_143' title='bbox 1985 1849 2150 1917; x_wconf 90' lang='lat' dir='ltr'><strong>sunt,</strong></span> <span class='ocrx_word' id='word_1_144' title='bbox 2202 1859 2269 1901; x_wconf 89' lang='lat' dir='ltr'><strong>se</strong></span> <span class='ocrx_word' id='word_1_145' title='bbox 2312 1859 2454 1901; x_wconf 85' lang='lat' dir='ltr'><strong>ver-</strong></span> 
     </span>
     <span class='ocr_line' id='line_1_16' title="bbox 331 1942 2452 2018; baseline 0 -19"><span class='ocrx_word' id='word_1_146' title='bbox 331 1949 462 1999; x_wconf 90' lang='lat' dir='ltr'><strong>tunt</strong></span> <span class='ocrx_word' id='word_1_147' title='bbox 501 1949 852 2000; x_wconf 82' lang='lat' dir='ltr'><strong>constanter</strong></span> <span class='ocrx_word' id='word_1_148' title='bbox 887 1950 1046 2001; x_wconf 90' lang='lat' dir='ltr'><strong>retro</strong></span> <span class='ocrx_word' id='word_1_149' title='bbox 1078 1962 1114 2000; x_wconf 93' lang='lat' dir='ltr'><strong>a</strong></span> <span class='ocrx_word' id='word_1_150' title='bbox 1141 1943 1431 2018; x_wconf 85' lang='lat' dir='ltr'><strong>Domin03</strong></span> <span class='ocrx_word' id='word_1_151' title='bbox 1484 1943 1600 2001; x_wconf 91' lang='lat' dir='ltr'><strong>hoc</strong></span> <span class='ocrx_word' id='word_1_152' title='bbox 1639 1942 1705 2001; x_wconf 88' lang='lat' dir='ltr'><strong>fit</strong></span> <span class='ocrx_word' id='word_1_153' title='bbox 1743 1944 1803 2000; x_wconf 91' lang='lat' dir='ltr'><strong>in</strong></span> <span class='ocrx_word' id='word_1_154' title='bbox 1843 1945 2001 2000; x_wconf 90' lang='lat' dir='ltr'><strong>omni</strong></span> <span class='ocrx_word' id='word_1_155' title='bbox 2029 1959 2279 2000; x_wconf 86' lang='lat' dir='ltr'><strong>versura</strong></span> <span class='ocrx_word' id='word_1_156' title='bbox 2316 1958 2452 2000; x_wconf 82' lang='lat' dir='ltr'><strong>cor-</strong></span> 
     </span>
     <span class='ocr_line' id='line_1_17' title="bbox 327 2040 2453 2123; baseline -0.001 -23"><span class='ocrx_word' id='word_1_157' title='bbox 327 2044 493 2118; x_wconf 88' lang='lat' dir='ltr'><strong>poris</strong></span> <span class='ocrx_word' id='word_1_158' title='bbox 550 2060 789 2116; x_wconf 81' lang='lat' dir='ltr'><strong>eorum,</strong></span> <span class='ocrx_word' id='word_1_159' title='bbox 847 2061 984 2100; x_wconf 89' lang='lat' dir='ltr'><strong>nam</strong></span> <span class='ocrx_word' id='word_1_160' title='bbox 1038 2047 1095 2101; x_wconf 89' lang='lat' dir='ltr'><strong>in</strong></span> <span class='ocrx_word' id='word_1_161' title='bbox 1135 2043 1325 2102; x_wconf 85' lang='lat' dir='ltr'><strong>altera</strong></span> <span class='ocrx_word' id='word_1_162' title='bbox 1367 2045 1494 2101; x_wconf 88' lang='lat' dir='ltr'><strong>vita</strong></span> <span class='ocrx_word' id='word_1_163' title='bbox 1528 2044 1729 2119; x_wconf 85' lang='lat' dir='ltr'><strong>spatia</strong></span> <span class='ocrx_word' id='word_1_164' title='bbox 1762 2059 1828 2101; x_wconf 90' lang='lat' dir='ltr'><strong>se</strong></span> <span class='ocrx_word' id='word_1_165' title='bbox 1866 2042 2091 2123; x_wconf 88' lang='lat' dir='ltr'><strong>habent</strong></span> <span class='ocrx_word' id='word_1_166' title='bbox 2124 2040 2453 2100; x_wconf 85' lang='lat' dir='ltr'><strong>secundum</strong></span> 
     </span>
     <span class='ocr_line' id='line_1_18' title="bbox 329 2141 2450 2221; baseline 0.001 -22"><span class='ocrx_word' id='word_1_167' title='bbox 329 2148 525 2200; x_wconf 91' lang='lat' dir='ltr'><strong>status</strong></span> <span class='ocrx_word' id='word_1_168' title='bbox 564 2145 911 2202; x_wconf 87' lang='lat' dir='ltr'><strong>interiorum</strong></span> <span class='ocrx_word' id='word_1_169' title='bbox 952 2161 1188 2218; x_wconf 85' lang='lat' dir='ltr'><strong>eorum,</strong></span> <span class='ocrx_word' id='word_1_170' title='bbox 1248 2144 1523 2203; x_wconf 89' lang='lat' dir='ltr'><strong>similiter</strong></span> <span class='ocrx_word' id='word_1_171' title='bbox 1574 2142 1818 2221; x_wconf 87' lang='lat' dir='ltr'><strong>plagae,</strong></span> <span class='ocrx_word' id='word_1_172' title='bbox 1880 2159 2033 2219; x_wconf 89' lang='lat' dir='ltr'><strong>quae</strong></span> <span class='ocrx_word' id='word_1_173' title='bbox 2069 2141 2153 2201; x_wconf 90' lang='lat' dir='ltr'><strong>ibi</strong></span> <span class='ocrx_word' id='word_1_174' title='bbox 2187 2160 2305 2202; x_wconf 92' lang='lat' dir='ltr'><strong>non</strong></span> <span class='ocrx_word' id='word_1_175' title='bbox 2341 2141 2450 2201; x_wconf 92' lang='lat' dir='ltr'><strong>de-</strong></span> 
     </span>
     <span class='ocr_line' id='line_1_19' title="bbox 325 2243 2452 2326; baseline 0 -26"><span class='ocrx_word' id='word_1_176' title='bbox 325 2245 686 2302; x_wconf 86' lang='lat' dir='ltr'><strong>terminatae</strong></span> <span class='ocrx_word' id='word_1_177' title='bbox 725 2250 865 2301; x_wconf 88' lang='lat' dir='ltr'><strong>sunt</strong></span> <span class='ocrx_word' id='word_1_178' title='bbox 900 2247 1055 2302; x_wconf 89' lang='lat' dir='ltr'><strong>sicut</strong></span> <span class='ocrx_word' id='word_1_179' title='bbox 1091 2247 1153 2302; x_wconf 89' lang='lat' dir='ltr'><strong>in</strong></span> <span class='ocrx_word' id='word_1_180' title='bbox 1188 2244 1437 2316; x_wconf 88' lang='lat' dir='ltr'><strong>mundo,</strong></span> <span class='ocrx_word' id='word_1_181' title='bbox 1474 2244 1584 2304; x_wconf 87' lang='lat' dir='ltr'><strong>sed</strong></span> <span class='ocrx_word' id='word_1_182' title='bbox 1620 2244 2091 2326; x_wconf 83' lang='lat' dir='ltr'><strong>determinantur</strong></span> <span class='ocrx_word' id='word_1_183' title='bbox 2124 2243 2452 2302; x_wconf 87' lang='lat' dir='ltr'><strong>seeundum</strong></span> 
     </span>
     <span class='ocr_line' id='line_1_20' title="bbox 328 2335 2454 2422; baseline 0 -21"><span class='ocrx_word' id='word_1_184' title='bbox 328 2350 644 2419; x_wconf 86' lang='lat' dir='ltr'><strong>aspectum</strong></span> <span class='ocrx_word' id='word_1_185' title='bbox 681 2345 856 2402; x_wconf 86' lang='lat' dir='ltr'><strong>faciei</strong></span> <span class='ocrx_word' id='word_1_186' title='bbox 905 2343 1175 2404; x_wconf 90' lang='lat' dir='ltr'><strong>illorum:</strong></span> <span class='ocrx_word' id='word_1_187' title='bbox 1234 2363 1443 2404; x_wconf 86' lang='lat' dir='ltr'><strong>verum</strong></span> <span class='ocrx_word' id='word_1_188' title='bbox 1480 2363 1599 2404; x_wconf 89' lang='lat' dir='ltr'><strong>non</strong></span> <span class='ocrx_word' id='word_1_189' title='bbox 1635 2350 1776 2404; x_wconf 81' lang='lat' dir='ltr'><strong>sunt</strong></span> <span class='ocrx_word' id='word_1_190' title='bbox 1822 2335 2023 2422; x_wconf 78' lang='lat' dir='ltr'><strong>angeli</strong></span> <span class='ocrx_word' id='word_1_191' title='bbox 2064 2347 2166 2420; x_wconf 92' lang='lat' dir='ltr'><strong>qui</strong></span> <span class='ocrx_word' id='word_1_192' title='bbox 2202 2361 2269 2403; x_wconf 91' lang='lat' dir='ltr'><strong>se</strong></span> <span class='ocrx_word' id='word_1_193' title='bbox 2315 2361 2454 2402; x_wconf 89' lang='lat' dir='ltr'><strong>ver-</strong></span> 
     </span>
     <span class='ocr_line' id='line_1_21' title="bbox 324 2443 2454 2521; baseline -0 -19"><span class='ocrx_word' id='word_1_194' title='bbox 324 2450 457 2502; x_wconf 88' lang='lat' dir='ltr'><strong>tunt</strong></span> <span class='ocrx_word' id='word_1_195' title='bbox 499 2443 578 2501; x_wconf 92' lang='lat' dir='ltr'><strong>ad</strong></span> <span class='ocrx_word' id='word_1_196' title='bbox 625 2445 975 2518; x_wconf 87' lang='lat' dir='ltr'><strong>Dominum,</strong></span> <span class='ocrx_word' id='word_1_197' title='bbox 1033 2445 1143 2504; x_wconf 85' lang='lat' dir='ltr'><strong>sed</strong></span> <span class='ocrx_word' id='word_1_198' title='bbox 1191 2446 1484 2505; x_wconf 83' lang='lat' dir='ltr'><strong>Dominus</strong></span> <span class='ocrx_word' id='word_1_199' title='bbox 1537 2446 1638 2521; x_wconf 89' lang='lat' dir='ltr'><strong>qui</strong></span> <span class='ocrx_word' id='word_1_200' title='bbox 1677 2448 1860 2504; x_wconf 85' lang='lat' dir='ltr'><strong>vertit</strong></span> <span class='ocrx_word' id='word_1_201' title='bbox 1892 2444 2028 2503; x_wconf 89' lang='lat' dir='ltr'><strong>illos</strong></span> <span class='ocrx_word' id='word_1_202' title='bbox 2079 2444 2156 2503; x_wconf 90' lang='lat' dir='ltr'><strong>ad</strong></span> <span class='ocrx_word' id='word_1_203' title='bbox 2190 2461 2290 2514; x_wconf 89' lang='lat' dir='ltr'><strong>se,</strong></span> <span class='ocrx_word' id='word_1_204' title='bbox 2352 2446 2454 2519; x_wconf 90' lang='lat' dir='ltr'><strong>qui</strong></span> 
     </span>
     <span class='ocr_line' id='line_1_22' title="bbox 324 2541 2451 2626; baseline -0.001 -23"><span class='ocrx_word' id='word_1_205' title='bbox 324 2551 529 2603; x_wconf 90' lang='lat' dir='ltr'><strong>amant</strong></span> <span class='ocrx_word' id='word_1_206' title='bbox 565 2545 763 2605; x_wconf 85' lang='lat' dir='ltr'><strong>facere</strong></span> <span class='ocrx_word' id='word_1_207' title='bbox 814 2544 920 2605; x_wconf 90' lang='lat' dir='ltr'><strong>illa</strong></span> <span class='ocrx_word' id='word_1_208' title='bbox 971 2563 1125 2623; x_wconf 90' lang='lat' dir='ltr'><strong>quae</strong></span> <span class='ocrx_word' id='word_1_209' title='bbox 1169 2546 1245 2605; x_wconf 90' lang='lat' dir='ltr'><strong>ab</strong></span> <span class='ocrx_word' id='word_1_210' title='bbox 1289 2546 1434 2623; x_wconf 86' lang='lat' dir='ltr'><strong>Ipso</strong></span> <span class='ocrx_word' id='word_1_211' title='bbox 1491 2541 1642 2626; x_wconf 90' lang='lat' dir='ltr'><strong>(bb).</strong></span> <span class='ocrx_word' id='word_1_212' title='bbox 1734 2543 1857 2605; x_wconf 85' lang='lat' dir='ltr'><strong>Sed</strong></span> <span class='ocrx_word' id='word_1_213' title='bbox 1904 2544 1978 2603; x_wconf 91' lang='lat' dir='ltr'><strong>de</strong></span> <span class='ocrx_word' id='word_1_214' title='bbox 2028 2544 2123 2604; x_wconf 92' lang='lat' dir='ltr'><strong>his</strong></span> <span class='ocrx_word' id='word_1_215' title='bbox 2169 2545 2348 2621; x_wconf 88' lang='lat' dir='ltr'><strong>plura</strong></span> <span class='ocrx_word' id='word_1_216' title='bbox 2390 2545 2451 2601; x_wconf 86' lang='lat' dir='ltr'><strong>in</strong></span> 
     </span>
     <span class='ocr_line' id='line_1_23' title="bbox 320 2645 1784 2724; baseline -0.002 -19"><span class='ocrx_word' id='word_1_217' title='bbox 320 2646 752 2723; x_wconf 76' lang='lat' dir='ltr'><strong>sequentibuS,</strong></span> <span class='ocrx_word' id='word_1_218' title='bbox 807 2646 911 2706; x_wconf 93' lang='lat' dir='ltr'><strong>ubi</strong></span> <span class='ocrx_word' id='word_1_219' title='bbox 953 2647 1026 2705; x_wconf 97' lang='lat' dir='ltr'><strong>de</strong></span> <span class='ocrx_word' id='word_1_220' title='bbox 1066 2647 1273 2724; x_wconf 89' lang='lat' dir='ltr'><strong>Plagis</strong></span> <span class='ocrx_word' id='word_1_221' title='bbox 1311 2649 1370 2704; x_wconf 89' lang='lat' dir='ltr'><strong>in</strong></span> <span class='ocrx_word' id='word_1_222' title='bbox 1411 2645 1605 2705; x_wconf 89' lang='lat' dir='ltr'><strong>altera</strong></span> <span class='ocrx_word' id='word_1_223' title='bbox 1642 2647 1784 2703; x_wconf 87' lang='lat' dir='ltr'><strong>vita.</strong></span> 
     </span>
    </p>

    <p class='ocr_par' dir='ltr' id='par_1_3' title="bbox 321 2739 2452 3225">
     <span class='ocr_line' id='line_1_24' title="bbox 545 2739 2450 2823; baseline -0.002 -19"><span class='ocrx_word' id='word_1_224' title='bbox 545 2750 572 2804; x_wconf 94' lang='lat'>1</span> <span class='ocrx_word' id='word_1_225' title='bbox 594 2750 653 2805; x_wconf 89' lang='grc'><strong>8.</strong></span> <span class='ocrx_word' id='word_1_226' title='bbox 711 2747 886 2823; x_wconf 82' lang='lat' dir='ltr'><strong>Quod</strong></span> <span class='ocrx_word' id='word_1_227' title='bbox 922 2747 1207 2806; x_wconf 85' lang='lat' dir='ltr'><strong>Divinum</strong></span> <span class='ocrx_word' id='word_1_228' title='bbox 1244 2746 1487 2805; x_wconf 87' lang='lat' dir='ltr'><strong>Domini</strong></span> <span class='ocrx_word' id='word_1_229' title='bbox 1511 2739 1785 2806; x_wconf 72' lang='lat' dir='ltr'><strong>in&#39;Coelo</strong></span> <span class='ocrx_word' id='word_1_230' title='bbox 1821 2747 1902 2803; x_wconf 87' lang='lat' dir='ltr'><strong>sit</strong></span> <span class='ocrx_word' id='word_1_231' title='bbox 1926 2762 2123 2815; x_wconf 88' lang='lat' dir='ltr'><strong>amor,</strong></span> <span class='ocrx_word' id='word_1_232' title='bbox 2179 2748 2272 2803; x_wconf 88' lang='lat' dir='ltr'><strong>est</strong></span> <span class='ocrx_word' id='word_1_233' title='bbox 2308 2746 2450 2818; x_wconf 87' lang='lat' dir='ltr'><strong>quia</strong></span> 
     </span>
     <span class='ocr_line' id='line_1_25' title="bbox 323 2844 2452 2948; baseline -0.001 -43"><span class='ocrx_word' id='word_1_234' title='bbox 323 2864 497 2932; x_wconf 81' lang='lat' dir='ltr'><strong>amor</strong></span> <span class='ocrx_word' id='word_1_235' title='bbox 535 2847 1117 2948; x_wconf 38' lang='lat' dir='ltr'><strong>esssreceptaculum</strong></span> <span class='ocrx_word' id='word_1_236' title='bbox 1155 2849 1416 2906; x_wconf 90' lang='lat' dir='ltr'><strong>omnium</strong></span> <span class='ocrx_word' id='word_1_237' title='bbox 1453 2846 1638 2918; x_wconf 91' lang='lat' dir='ltr'><strong>coeli,</strong></span> <span class='ocrx_word' id='word_1_238' title='bbox 1694 2862 1848 2923; x_wconf 92' lang='lat' dir='ltr'><strong>quae</strong></span> <span class='ocrx_word' id='word_1_239' title='bbox 1878 2852 2018 2904; x_wconf 88' lang='lat' dir='ltr'><strong>sunt</strong></span> <span class='ocrx_word' id='word_1_240' title='bbox 2052 2845 2211 2919; x_wconf 84' lang='lat' dir='ltr'><strong>Pax,</strong></span> <span class='ocrx_word' id='word_1_241' title='bbox 2264 2844 2452 2903; x_wconf 87' lang='lat' dir='ltr'><strong>Intel-</strong></span> 
     </span>
     <span class='ocr_line' id='line_1_26' title="bbox 323 2915 2449 3025; baseline -0.002 -19"><span class='ocrx_word' id='word_1_242' title='bbox 323 2915 607 3024; x_wconf 52' lang='lat' dir='ltr'><strong>liffvntia,</strong></span> <span class='ocrx_word' id='word_1_243' title='bbox 673 2947 1014 3025; x_wconf 85' lang='lat' dir='ltr'><strong>Sapientia,</strong></span> <span class='ocrx_word' id='word_1_244' title='bbox 1071 2965 1142 3006; x_wconf 90' lang='lat' dir='ltr'><strong>ac</strong></span> <span class='ocrx_word' id='word_1_245' title='bbox 1189 2947 1474 3007; x_wconf 86' lang='lat' dir='ltr'><strong>Felicitas</strong></span> <span class='ocrx_word' id='word_1_246' title='bbox 1488 2968 1505 3024; x_wconf 86' lang='lat'><em>3</em></span> <span class='ocrx_word' id='word_1_247' title='bbox 1561 2966 1728 3007; x_wconf 88' lang='lat' dir='ltr'><strong>amor</strong></span> <span class='ocrx_word' id='word_1_248' title='bbox 1778 2949 1931 3005; x_wconf 90' lang='lat' dir='ltr'><strong>enim</strong></span> <span class='ocrx_word' id='word_1_249' title='bbox 1981 2947 2200 3022; x_wconf 85' lang='lat' dir='ltr'><strong>recipit</strong></span> <span class='ocrx_word' id='word_1_250' title='bbox 2249 2946 2449 3003; x_wconf 89' lang='lat' dir='ltr'><strong>omnia</strong></span> 
     </span>
     <span class='ocr_line' id='line_1_27' title="bbox 325 3044 2445 3125; baseline -0.002 -19"><span class='ocrx_word' id='word_1_251' title='bbox 325 3054 387 3106; x_wconf 91' lang='lat' dir='ltr'><strong>et</strong></span> <span class='ocrx_word' id='word_1_252' title='bbox 423 3048 662 3124; x_wconf 89' lang='lat' dir='ltr'><strong>singula</strong></span> <span class='ocrx_word' id='word_1_253' title='bbox 697 3066 852 3125; x_wconf 90' lang='lat' dir='ltr'><strong>quae</strong></span> <span class='ocrx_word' id='word_1_254' title='bbox 902 3047 1018 3107; x_wconf 83' lang='lat' dir='ltr'><strong>sibi</strong></span> <span class='ocrx_word' id='word_1_255' title='bbox 1054 3050 1443 3121; x_wconf 75' lang='lat' dir='ltr'><strong>conveniunt,</strong></span> <span class='ocrx_word' id='word_1_256' title='bbox 1502 3047 1806 3107; x_wconf 91' lang='lat' dir='ltr'><strong>desiderat</strong></span> <span class='ocrx_word' id='word_1_257' title='bbox 1849 3047 1987 3121; x_wconf 85' lang='lat' dir='ltr'><strong>illa,</strong></span> <span class='ocrx_word' id='word_1_258' title='bbox 2041 3048 2286 3122; x_wconf 89' lang='lat' dir='ltr'><strong>inquirit</strong></span> <span class='ocrx_word' id='word_1_259' title='bbox 2321 3044 2445 3114; x_wconf 91' lang='lat' dir='ltr'><strong>illa,</strong></span> 
     </span>
     <span class='ocr_line' id='line_1_28' title="bbox 321 3146 2452 3225; baseline -0.001 -20"><span class='ocrx_word' id='word_1_260' title='bbox 321 3146 535 3206; x_wconf 89' lang='lat' dir='ltr'><strong>imbuit</strong></span> <span class='ocrx_word' id='word_1_261' title='bbox 569 3149 676 3205; x_wconf 87' lang='lat' dir='ltr'><strong>illa</strong></span> <span class='ocrx_word' id='word_1_262' title='bbox 714 3149 873 3218; x_wconf 81' lang='lat' dir='ltr'><strong>sicut</strong></span> <span class='ocrx_word' id='word_1_263' title='bbox 909 3165 1022 3208; x_wconf 92' lang='lat' dir='ltr'><strong>sua</strong></span> <span class='ocrx_word' id='word_1_264' title='bbox 1061 3155 1304 3225; x_wconf 78' lang='lat' dir='ltr'><strong>sponte,</strong></span> <span class='ocrx_word' id='word_1_265' title='bbox 1347 3166 1482 3207; x_wconf 89' lang='lat' dir='ltr'><strong>nam</strong></span> <span class='ocrx_word' id='word_1_266' title='bbox 1520 3148 1651 3206; x_wconf 85' lang='lat' dir='ltr'><strong>vult</strong></span> <span class='ocrx_word' id='word_1_267' title='bbox 1686 3150 1962 3207; x_wconf 88' lang='lat' dir='ltr'><strong>continue</strong></span> <span class='ocrx_word' id='word_1_268' title='bbox 1999 3146 2356 3224; x_wconf 88' lang='lat' dir='ltr'><strong>locupletari</strong></span> <span class='ocrx_word' id='word_1_269' title='bbox 2393 3152 2452 3203; x_wconf 96' lang='lat' dir='ltr'><strong>et</strong></span> 
     </span>
    </p>
   </div>
   <div class='ocr_carea' id='block_1_3' title="bbox 338 3316 749 3331">
    <p class='ocr_par' dir='ltr' id='par_1_4' title="bbox 338 3316 749 3331">
     <span class='ocr_line' id='line_1_29' title="bbox 338 3316 749 3331; baseline 0 0"><span class='ocrx_word' id='word_1_270' title='bbox 338 3316 749 3331; x_wconf 95' lang='lat' dir='ltr'><strong> </strong></span> 
     </span>
    </p>
   </div>
   <div class='ocr_carea' id='block_1_4' title="bbox 325 3381 2447 3663">
    <p class='ocr_par' dir='ltr' id='par_1_5' title="bbox 325 3381 2447 3663">
     <span class='ocr_line' id='line_1_30' title="bbox 485 3381 2447 3492; baseline -0.001 -24"><span class='ocrx_word' id='word_1_271' title='bbox 485 3417 569 3482; x_wconf 84' lang='lat' dir='ltr'><strong>(z)</strong></span> <span class='ocrx_word' id='word_1_272' title='bbox 631 3417 799 3492; x_wconf 83' lang='lat' dir='ltr'><strong>Quod</strong></span> <span class='ocrx_word' id='word_1_273' title='bbox 851 3381 1055 3489; x_wconf 49' lang='lat' dir='ltr'><strong>angeli</strong></span> <span class='ocrx_word' id='word_1_274' title='bbox 1113 3417 1226 3469; x_wconf 89' lang='lat' dir='ltr'><strong>sint</strong></span> <span class='ocrx_word' id='word_1_275' title='bbox 1280 3417 1505 3470; x_wconf 87' lang='lat' dir='ltr'><strong>formae</strong></span> <span class='ocrx_word' id='word_1_276' title='bbox 1558 3419 1775 3470; x_wconf 82' lang='lat' dir='ltr'><strong>amoris</strong></span> <span class='ocrx_word' id='word_1_277' title='bbox 1831 3422 1933 3481; x_wconf 88' lang='lat' dir='ltr'><strong>[et]</strong></span> <span class='ocrx_word' id='word_1_278' title='bbox 1988 3416 2315 3477; x_wconf 54' lang='lat' dir='ltr'><strong>charnaim,</strong></span> <span class='ocrx_word' id='word_1_279' title='bbox 2379 3432 2447 3467; x_wconf 85' lang='lat' dir='ltr'><strong>n:</strong></span> 
     </span>
     <span class='ocr_line' id='line_1_31' title="bbox 325 3499 2024 3554; baseline 0.001 -3"><span class='ocrx_word' id='word_1_280' title='bbox 325 3499 496 3552; x_wconf 81' lang='grc'><strong>3804·</strong></span> <span class='ocrx_word' id='word_1_281' title='bbox 541 3500 710 3553; x_wconf 75' lang='grc'><strong>4735·</strong></span> <span class='ocrx_word' id='word_1_282' title='bbox 755 3500 923 3553; x_wconf 84' lang='grc'><strong>4797.</strong></span> <span class='ocrx_word' id='word_1_283' title='bbox 969 3501 1139 3554; x_wconf 86' lang='grc'><strong>4985.</strong></span> <span class='ocrx_word' id='word_1_284' title='bbox 1187 3501 1355 3553; x_wconf 78' lang='lat'><strong>5199.</strong></span> <span class='ocrx_word' id='word_1_285' title='bbox 1401 3501 1566 3554; x_wconf 78' lang='lat'>5530·</span> <span class='ocrx_word' id='word_1_286' title='bbox 1613 3503 1779 3554; x_wconf 78' lang='lat'>9879·</span> <span class='ocrx_word' id='word_1_287' title='bbox 1819 3502 2024 3553; x_wconf 72' lang='grc'><strong>10177·</strong></span> 
     </span>
     <span class='ocr_line' id='line_1_32' title="bbox 480 3585 2444 3663; baseline 0.001 -25"><span class='ocrx_word' id='word_1_288' title='bbox 480 3586 600 3651; x_wconf 93' lang='lat' dir='ltr'><strong>(aa)</strong></span> <span class='ocrx_word' id='word_1_289' title='bbox 656 3586 828 3663; x_wconf 79' lang='lat' dir='ltr'><strong>Quod</strong></span> <span class='ocrx_word' id='word_1_290' title='bbox 884 3587 1127 3658; x_wconf 86' lang='lat' dir='ltr'><strong>sphaera</strong></span> <span class='ocrx_word' id='word_1_291' title='bbox 1182 3588 1537 3657; x_wconf 80' lang='lat' dir='ltr'><strong>spiritualis,</strong></span> <span class='ocrx_word' id='word_1_292' title='bbox 1615 3607 1761 3659; x_wconf 87' lang='lat' dir='ltr'><strong>quae</strong></span> <span class='ocrx_word' id='word_1_293' title='bbox 1826 3598 1913 3639; x_wconf 89' lang='lat' dir='ltr'><strong>est</strong></span> <span class='ocrx_word' id='word_1_294' title='bbox 1971 3587 2213 3657; x_wconf 85' lang='lat' dir='ltr'><strong>sphaera</strong></span> <span class='ocrx_word' id='word_1_295' title='bbox 2270 3585 2444 3649; x_wconf 82' lang='lat' dir='ltr'><strong>vitae,</strong></span> 
     </span>
    </p>
   </div>
   <div class='ocr_carea' id='block_1_5' title="bbox 320 3660 2449 3735">
    <p class='ocr_par' dir='ltr' id='par_1_6' title="bbox 320 3660 2449 3735">
     <span class='ocr_line' id='line_1_33' title="bbox 320 3660 2449 3735; baseline 0 -23"><span class='ocrx_word' id='word_1_296' title='bbox 320 3660 521 3714; x_wconf 80' lang='lat' dir='ltr'><strong>effluat</strong></span> <span class='ocrx_word' id='word_1_297' title='bbox 563 3671 619 3714; x_wconf 90' lang='lat' dir='ltr'><strong>et</strong></span> <span class='ocrx_word' id='word_1_298' title='bbox 661 3662 910 3715; x_wconf 83' lang='lat' dir='ltr'><strong>exundet</strong></span> <span class='ocrx_word' id='word_1_299' title='bbox 950 3664 1392 3735; x_wconf 5' lang='lat' dir='ltr'><strong>extunoquovis</strong></span> <span class='ocrx_word' id='word_1_300' title='bbox 1444 3662 1707 3725; x_wconf 86' lang='lat' dir='ltr'><strong>homine,</strong></span> <span class='ocrx_word' id='word_1_301' title='bbox 1755 3663 1964 3733; x_wconf 82' lang='lat' dir='ltr'><strong>spiritu</strong></span> <span class='ocrx_word' id='word_1_302' title='bbox 2006 3671 2063 3715; x_wconf 89' lang='lat' dir='ltr'><strong>et</strong></span> <span class='ocrx_word' id='word_1_303' title='bbox 2103 3660 2346 3733; x_wconf 77' lang='lat' dir='ltr'><strong>angele,</strong></span> <span class='ocrx_word' id='word_1_304' title='bbox 2391 3671 2449 3714; x_wconf 86' lang='lat' dir='ltr'><strong>et</strong></span> 
     </span>
    </p>
   </div>
   <div class='ocr_carea' id='block_1_6' title="bbox 319 3736 2447 3885">
    <p class='ocr_par' dir='ltr' id='par_1_7' title="bbox 319 3736 2447 3885">
     <span class='ocr_line' id='line_1_34' title="bbox 320 3736 2447 3815; baseline 0.001 -28"><span class='ocrx_word' id='word_1_305' title='bbox 320 3737 931 3807; x_wconf 72' lang='lat' dir='ltr'><strong>circumstipeti1109‚</strong></span> <span class='ocrx_word' id='word_1_306' title='bbox 999 3756 1066 3789; x_wconf 87' lang='lat' dir='ltr'><strong>n:</strong></span> <span class='ocrx_word' id='word_1_307' title='bbox 1124 3746 1296 3800; x_wconf 83' lang='lat'><strong>4464.</strong></span> <span class='ocrx_word' id='word_1_308' title='bbox 1342 3745 1509 3798; x_wconf 80' lang='lat'>5179.</span> <span class='ocrx_word' id='word_1_309' title='bbox 1562 3745 1727 3798; x_wconf 85' lang='grc'><strong>7454.</strong></span> <span class='ocrx_word' id='word_1_310' title='bbox 1774 3746 1941 3798; x_wconf 86' lang='grc'><strong>8630.</strong></span> <span class='ocrx_word' id='word_1_311' title='bbox 2024 3737 2195 3815; x_wconf 74' lang='lat' dir='ltr'><strong>Quod</strong></span> <span class='ocrx_word' id='word_1_312' title='bbox 2249 3736 2447 3791; x_wconf 81' lang='lat' dir='ltr'><strong>effluat</strong></span> 
     </span>
     <span class='ocr_line' id='line_1_35' title="bbox 319 3813 2438 3885; baseline 0.001 -21"><span class='ocrx_word' id='word_1_313' title='bbox 319 3830 390 3865; x_wconf 81' lang='lat' dir='ltr'><strong>ex</strong></span> <span class='ocrx_word' id='word_1_314' title='bbox 427 3813 547 3865; x_wconf 86' lang='lat' dir='ltr'><strong>vita</strong></span> <span class='ocrx_word' id='word_1_315' title='bbox 587 3814 916 3867; x_wconf 83' lang='lat' dir='ltr'><strong>affectionis</strong></span> <span class='ocrx_word' id='word_1_316' title='bbox 957 3826 1014 3867; x_wconf 86' lang='lat' dir='ltr'><strong>et</strong></span> <span class='ocrx_word' id='word_1_317' title='bbox 1057 3814 1189 3868; x_wconf 87' lang='lat' dir='ltr'><strong>inde</strong></span> <span class='ocrx_word' id='word_1_318' title='bbox 1231 3814 1604 3885; x_wconf 79' lang='lat' dir='ltr'><strong>cogitationis</strong></span> <span class='ocrx_word' id='word_1_319' title='bbox 1647 3814 1904 3878; x_wconf 84' lang='lat' dir='ltr'><strong>illorum,</strong></span> <span class='ocrx_word' id='word_1_320' title='bbox 1948 3832 2016 3866; x_wconf 85' lang='lat' dir='ltr'><strong>n:</strong></span> <span class='ocrx_word' id='word_1_321' title='bbox 2061 3822 2228 3874; x_wconf 77' lang='lat'><strong>2489.</strong></span> <span class='ocrx_word' id='word_1_322' title='bbox 2267 3821 2438 3874; x_wconf 84' lang='grc'><strong>4464.</strong></span> 
     </span>
    </p>
   </div>
   <div class='ocr_carea' id='block_1_7' title="bbox 319 3896 491 3949">
    <p class='ocr_par' dir='ltr' id='par_1_8' title="bbox 319 3896 491 3949">
     <span class='ocr_line' id='line_1_36' title="bbox 319 3896 491 3949; baseline -0.017 -1"><span class='ocrx_word' id='word_1_323' title='bbox 319 3896 491 3949; x_wconf 80' lang='grc'><strong>6206.</strong></span> 
     </span>
    </p>
   </div>
   <div class='ocr_carea' id='block_1_8' title="bbox 319 3982 2444 4131">
    <p class='ocr_par' dir='ltr' id='par_1_9' title="bbox 319 3982 2444 4131">
     <span class='ocr_line' id='line_1_37' title="bbox 477 3982 2444 4062; baseline 0 -27"><span class='ocrx_word' id='word_1_324' title='bbox 477 3982 612 4049; x_wconf 84' lang='lat' dir='ltr'>(bb)</span> <span class='ocrx_word' id='word_1_325' title='bbox 657 3982 829 4062; x_wconf 76' lang='lat' dir='ltr'><strong>Quod</strong></span> <span class='ocrx_word' id='word_1_326' title='bbox 871 3984 1113 4055; x_wconf 79' lang='lat' dir='ltr'><strong>spiritus</strong></span> <span class='ocrx_word' id='word_1_327' title='bbox 1169 3994 1225 4037; x_wconf 90' lang='lat' dir='ltr'><strong>et</strong></span> <span class='ocrx_word' id='word_1_328' title='bbox 1265 3984 1454 4056; x_wconf 82' lang='lat' dir='ltr'><strong>angeli</strong></span> <span class='ocrx_word' id='word_1_329' title='bbox 1511 4001 1571 4037; x_wconf 91' lang='lat' dir='ltr'><strong>se</strong></span> <span class='ocrx_word' id='word_1_330' title='bbox 1615 3995 1958 4038; x_wconf 84' lang='lat' dir='ltr'><strong>convertant</strong></span> <span class='ocrx_word' id='word_1_331' title='bbox 2000 3994 2331 4038; x_wconf 82' lang='lat' dir='ltr'><strong>constanter</strong></span> <span class='ocrx_word' id='word_1_332' title='bbox 2371 3983 2444 4035; x_wconf 83' lang='lat' dir='ltr'><strong>ad</strong></span> 
     </span>
     <span class='ocr_line' id='line_1_38' title="bbox 319 4059 2444 4131; baseline -0 -21"><span class='ocrx_word' id='word_1_333' title='bbox 319 4074 458 4110; x_wconf 84' lang='lat' dir='ltr'><strong>suos</strong></span> <span class='ocrx_word' id='word_1_334' title='bbox 500 4075 760 4123; x_wconf 84' lang='lat' dir='ltr'><strong>amores,</strong></span> <span class='ocrx_word' id='word_1_335' title='bbox 825 4069 883 4111; x_wconf 90' lang='lat' dir='ltr'><strong>et</strong></span> <span class='ocrx_word' id='word_1_336' title='bbox 944 4060 1044 4131; x_wconf 86' lang='lat' dir='ltr'><strong>qui</strong></span> <span class='ocrx_word' id='word_1_337' title='bbox 1101 4060 1160 4111; x_wconf 90' lang='lat' dir='ltr'><strong>in</strong></span> <span class='ocrx_word' id='word_1_338' title='bbox 1213 4060 1394 4113; x_wconf 86' lang='lat' dir='ltr'><strong>coelis</strong></span> <span class='ocrx_word' id='word_1_339' title='bbox 1446 4070 1781 4113; x_wconf 87' lang='lat' dir='ltr'><strong>constanter</strong></span> <span class='ocrx_word' id='word_1_340' title='bbox 1833 4060 1901 4113; x_wconf 87' lang='lat' dir='ltr'><strong>ad</strong></span> <span class='ocrx_word' id='word_1_341' title='bbox 1967 4059 2310 4123; x_wconf 87' lang='lat' dir='ltr'><strong>Dominum,</strong></span> <span class='ocrx_word' id='word_1_342' title='bbox 2375 4076 2444 4110; x_wconf 84' lang='lat' dir='ltr'><strong>n:</strong></span> 
     </span>
    </p>
   </div>
   <div class='ocr_carea' id='block_1_9' title="bbox 317 4134 2444 4283">
    <p class='ocr_par' dir='ltr' id='par_1_10' title="bbox 317 4134 2444 4283">
     <span class='ocr_line' id='line_1_39' title="bbox 320 4134 2444 4212; baseline -0.003 -22"><span class='ocrx_word' id='word_1_343' title='bbox 320 4141 530 4194; x_wconf 88' lang='grc'><strong>10130.</strong></span> <span class='ocrx_word' id='word_1_344' title='bbox 573 4142 781 4195; x_wconf 87' lang='grc'><strong>10189.</strong></span> <span class='ocrx_word' id='word_1_345' title='bbox 823 4142 1028 4196; x_wconf 74' lang='grc'><strong>10420.</strong></span> <span class='ocrx_word' id='word_1_346' title='bbox 1074 4143 1317 4210; x_wconf 53' lang='grc'><strong>10702.</strong></span> <span class='ocrx_word' id='word_1_347' title='bbox 1364 4134 1537 4212; x_wconf 76' lang='lat' dir='ltr'><strong>Quod</strong></span> <span class='ocrx_word' id='word_1_348' title='bbox 1578 4137 1780 4207; x_wconf 84' lang='lat' dir='ltr'><strong>plagae</strong></span> <span class='ocrx_word' id='word_1_349' title='bbox 1836 4136 1893 4188; x_wconf 90' lang='lat' dir='ltr'><strong>in</strong></span> <span class='ocrx_word' id='word_1_350' title='bbox 1947 4137 2127 4189; x_wconf 87' lang='lat' dir='ltr'><strong>altera</strong></span> <span class='ocrx_word' id='word_1_351' title='bbox 2170 4135 2286 4187; x_wconf 85' lang='lat' dir='ltr'><strong>vita</strong></span> <span class='ocrx_word' id='word_1_352' title='bbox 2329 4134 2444 4185; x_wconf 87' lang='lat' dir='ltr'><strong>cui-</strong></span> 
     </span>
     <span class='ocr_line' id='line_1_40' title="bbox 317 4211 2439 4283; baseline 0 -23"><span class='ocrx_word' id='word_1_353' title='bbox 317 4225 432 4279; x_wconf 84' lang='lat' dir='ltr'><strong>que</strong></span> <span class='ocrx_word' id='word_1_354' title='bbox 475 4211 590 4263; x_wconf 86' lang='lat' dir='ltr'><strong>sint</strong></span> <span class='ocrx_word' id='word_1_355' title='bbox 643 4211 960 4268; x_wconf 80' lang='lat' dir='ltr'><strong>seeundum</strong></span> <span class='ocrx_word' id='word_1_356' title='bbox 1015 4221 1312 4283; x_wconf 85' lang='lat' dir='ltr'><strong>aspectum</strong></span> <span class='ocrx_word' id='word_1_357' title='bbox 1370 4213 1575 4274; x_wconf 86' lang='lat' dir='ltr'><strong>faciei,</strong></span> <span class='ocrx_word' id='word_1_358' title='bbox 1655 4223 1712 4265; x_wconf 88' lang='lat' dir='ltr'><strong>et</strong></span> <span class='ocrx_word' id='word_1_359' title='bbox 1769 4213 1902 4265; x_wconf 85' lang='lat' dir='ltr'><strong>inde</strong></span> <span class='ocrx_word' id='word_1_360' title='bbox 1955 4211 2439 4270; x_wconf 84' lang='lat' dir='ltr'><strong>determinentur,</strong></span> 
     </span>
    </p>
   </div>
   <div class='ocr_carea' id='block_1_10' title="bbox 317 4285 2113 4352">
    <p class='ocr_par' dir='ltr' id='par_1_11' title="bbox 317 4285 2113 4352">
     <span class='ocr_line' id='line_1_41' title="bbox 317 4285 2113 4352; baseline 0.003 -10"><span class='ocrx_word' id='word_1_361' title='bbox 317 4285 491 4340; x_wconf 76' lang='lat' dir='ltr'><strong>aliter</strong></span> <span class='ocrx_word' id='word_1_362' title='bbox 533 4304 599 4339; x_wconf 80' lang='lat' dir='ltr'><strong>ac</strong></span> <span class='ocrx_word' id='word_1_363' title='bbox 640 4287 997 4352; x_wconf 75' lang='lat' dir='ltr'><strong>inmundo,</strong></span> <span class='ocrx_word' id='word_1_364' title='bbox 1042 4305 1110 4341; x_wconf 81' lang='lat' dir='ltr'><strong>n:</strong></span> <span class='ocrx_word' id='word_1_365' title='bbox 1156 4295 1359 4348; x_wconf 65' lang='grc'><strong>10130.</strong></span> <span class='ocrx_word' id='word_1_366' title='bbox 1407 4295 1611 4350; x_wconf 83' lang='grc'><strong>10189.</strong></span> <span class='ocrx_word' id='word_1_367' title='bbox 1658 4295 1860 4351; x_wconf 74' lang='grc'><strong>10420.</strong></span> <span class='ocrx_word' id='word_1_368' title='bbox 1906 4295 2113 4349; x_wconf 80' lang='lat'>40702·</span> 
     </span>
    </p>
   </div>
  </div>
 </body>
</html>
