3013 5114
568 428 663 481 nn
707 425 1173 481 sAPfflNTmUs
1224 394 1316 481 ΕΤ
1358 427 1796 483 suupmomus
1839 427 1909 481 IN
1954 427 2208 486 conto,
2341 439 2448 491 203

326 591 640 649 ratiocinia
676 605 918 656 eorum,
956 595 1051 646 est
1090 589 1244 665 ignis
1282 591 1501 647 amoris
1539 591 1633 647 sui
1670 596 1729 648 et
1765 589 1985 648 mundi.
2061 589 2142 647 Hi
2176 597 2315 647 sunt
2351 594 2452 664 qui

325 693 384 749 in
428 689 584 748 falsa
619 688 1017 765 intelligentia
1060 695 1121 747 et
1168 691 1469 765 sapientia
1521 697 1692 763 sunt,
1749 695 1808 748 et
1846 693 1948 766 qui
1980 707 2019 748 a
2052 689 2309 749 Domino
2352 692 2446 747 in-

323 791 675 867 telliguntur
711 788 873 866 apud
909 788 1311 865 Matthaeum,
1363 833 1399 865 „
1426 787 1723 852 Videntes
1771 808 1896 850 non
1940 788 2182 864 vident,
2235 794 2294 849 et
2331 808 2451 850 au-

325 890 569 952 dientes
603 908 729 950 non
763 887 1077 961 audiunt,
1130 909 1239 950 nec
1273 887 1712 968 intelliyunt,“
1772 889 1959 950 XIII:
2018 892 2126 948 13.
2185 894 2292 949 14.
2343 893 2448 950 15.

323 993 400 1051 Et
448 992 622 1065 alibi,
692 987 1145 1066 „Abscondita
1192 998 1343 1052 sunt
1376 988 1894 1070 Intelliyentibus
1929 995 1988 1050 et
2023 989 2449 1070 Sapientibm,

324 1098 385 1154 et
437 1089 717 1154 revelata
751 1090 1182 1171 infantibusf‘
1233 1092 1357 1152 XI:
1403 1096 1437 1151 2
1457 1092 1514 1151 5.
1564 1096 1598 1150 2
1616 1096 1674 1152 6.

483 1233 644 1291 354.
698 1231 922 1289 Datum
971 1238 1067 1320 est
1113 1230 1281 1307 loqui
1331 1246 1467 1290 cum
1523 1230 1796 1306 pluribus
1847 1230 2110 1290 Eruditis
2158 1236 2295 1305 post
2341 1247 2449 1288 ex·

324 1349 565 1394 cessum
601 1348 808 1392 eorum
859 1349 891 1389 e
933 1331 1185 1403 mund0,
1236 1348 1372 1389 cum
1409 1330 1766 1407 quibusdam
1811 1333 1912 1406 qui
1949 1332 2453 1407 famigeratissimi

322 1436 597 1502 fuerunt,
670 1438 730 1490 et
785 1449 896 1508 per
948 1433 1174 1508 scripta
1221 1434 1282 1489 in
1332 1431 1493 1491 Orbe
1542 1432 1778 1491 literato
1833 1432 2139 1507 celebres3
2205 1437 2263 1490 et
2317 1448 2452 1490 cum

333 1534 695 1611 quibusdam
749 1522 851 1609 qui
895 1549 1012 1591 non
1059 1535 1144 1590 ita
1178 1532 1486 1603 celebreS,
1541 1534 1650 1590 sed
1697 1549 1888 1610 usque
1925 1533 2291 1592 reconditam
2345 1547 2449 1590 sa-

330 1637 622 1711 pientiam
657 1637 716 1691 in
756 1650 821 1692 se
861 1633 1221 1691 habuerunt.
1307 1632 1439 1707 Illi,
1494 1636 1598 1709 qui
1646 1633 1823 1693 corde
1868 1640 2239 1710 negaverunt
2278 1632 2453 1690 Divi-

327 1754 503 1806 num,
573 1740 875 1810 utcunque
927 1751 1029 1792 ore
1081 1733 1241 1792 Illud
1289 1735 1552 1794 confessi
1603 1741 1779 1817 sunt,
1852 1742 1972 1793 tam
2038 1733 2264 1810 stupidi
2310 1733 2453 1790 facti

325 1843 493 1910 sunt,
552 1841 618 1893 ut
666 1838 763 1894 vix
808 1835 1034 1912 aliquid
1076 1852 1285 1893 verum
1335 1834 1544 1903 civile,
1605 1837 1800 1893 minus
1849 1834 2072 1911 aliquid
2113 1833 2448 1910 spirituale,

323 1935 832 2014 comprehendere
886 1941 1167 2011 possent:
1247 1940 1602 2011 perceptum
1661 1943 1787 2008 est,
1863 1943 1923 1993 et
1959 1951 2194 2010 quoque
2231 1936 2444 2004 visum,

324 2038 483 2116 quod
528 2045 744 2096 eorum
771 2039 1057 2095 interiora
1098 2053 1253 2111 quae
1300 2042 1439 2094 sunt
1473 2037 1689 2095 mentis
1722 2037 1807 2094 ita
1841 2035 2088 2093 occlusa
2125 2039 2344 2107 essent,
2386 2041 2453 2090 ut

323 2146 691 2216 apparerent
736 2140 893 2197 sicut
944 2140 1146 2213 nigra,
1215 2134 1385 2217 (talia
1430 2140 1490 2194 in
1540 2136 1762 2195 mundo
1800 2136 2096 2213 spirituali
2133 2135 2210 2193 ad
2257 2136 2452 2192 visum

318 2236 641 2319 sistuntur)
696 2246 757 2297 et
808 2242 893 2296 sic
944 2237 1102 2314 quod
1138 2255 1258 2296 non
1301 2245 1553 2314 possent
1589 2238 1853 2314 aliquam
1889 2237 2084 2296 lucem
2123 2235 2449 2294 coelestem

322 2342 656 2414 sustinere,
734 2341 817 2397 ita
871 2356 983 2398 nec
1025 2339 1285 2414 aliquem
1338 2338 1627 2397 influxum
1671 2328 1922 2397 e‘coelo
1961 2338 2306 2396 admittere:
2362 2339 2453 2395 ni-

320 2441 508 2519 gredo
550 2441 690 2514 illa,
731 2442 793 2498 in
832 2457 950 2515 qua
978 2447 1392 2516 apparuerunt
1427 2441 1712 2497 interiora
1743 2455 1978 2511 eorum,
2018 2439 2209 2513 major
2247 2444 2305 2494 et
2342 2454 2450 2494 ex-

319 2544 549 2602 tensior
602 2547 733 2600 erat
776 2541 937 2618 apud
984 2539 1155 2610 illos,
1222 2541 1324 2618 qui
1376 2553 1584 2599 contra
1622 2540 1907 2599 Divinum
1959 2555 2076 2615 per
2122 2536 2452 2595 scientifica

325 2625 669 2701 eruditionis
718 2659 866 2701 suae
912 2659 979 2702 se
1020 2642 1541 2700 confirmaverunt.
1629 2639 1813 2698 Tales
1855 2641 1914 2696 in
1967 2638 2159 2696 altera
2209 2638 2334 2693 vita
2374 2653 2450 2695 ex

314 2742 586 2820 jucundo
624 2746 922 2821 recipiunt
963 2761 1136 2802 omne
1172 2741 1416 2815 falsum,
1474 2741 1634 2817 quod
1669 2739 1962 2819 imbibunt
2005 2741 2160 2797 sicut
2196 2738 2451 2813 spongia

328 2860 578 2919 aquam,
620 2851 677 2902 et
711 2844 1012 2922 repellunt
1048 2860 1222 2903 omne
1260 2860 1490 2912 verum,
1527 2845 1689 2900 sicut
1717 2841 1907 2900 elater
1943 2855 2156 2900 osseus
2192 2839 2254 2897 id
2291 2837 2452 2913 quod

319 2944 554 3004 incidit:
610 2945 826 3004 dicitur
864 2948 1078 3014 etiam,
1131 2944 1292 3020 quod
1339 2946 1625 3003 interiora
1680 2960 1918 3014 eorum,
1977 2943 2076 3017 qui
2112 2957 2179 2999 se
2228 2939 2444 2999 conflr-

318 3053 633 3103 maverunt
671 3053 879 3104 contra
918 3046 1201 3104 Divinum
1245 3051 1304 3103 et
1351 3062 1461 3121 pro
1499 3053 1744 3117 natura,
1798 3043 2102 3101 ossificata
2135 3044 2286 3099 sint:
2343 3056 2447 3098 ca-

315 3152 427 3224 put
469 3164 676 3206 eorum
713 3148 894 3205 etiam
930 3152 1185 3222 apparet
1222 3144 1515 3203 callosum
1553 3147 1711 3203 sicut
1748 3161 1822 3201 ex
1859 3143 2070 3215 ebeno,
2112 3142 2271 3218 quod
2306 3160 2449 3218 per-

316 3250 491 3324 tingit
528 3264 719 3324 usque
768 3250 829 3305 in
884 3264 1130 3320 nasum,
1186 3246 1472 3304 indicium
1527 3246 1690 3320 quod
1734 3245 1992 3321 amplius
2037 3243 2258 3302 nullius
2306 3259 2451 3317 per-

318 3350 610 3424 ceptionis
652 3350 788 3408 sint.
863 3347 981 3423 Qui
1017 3347 1172 3406 tales
1218 3353 1386 3419 sunt,
1444 3348 1505 3403 in
1562 3348 1913 3421 voragines,
1967 3360 2123 3417 quae
2160 3346 2455 3417 apparent

318 3450 473 3507 sicut
508 3448 801 3525 paludeS,
839 3451 1305 3523 immerguntur,
1359 3446 1460 3504 ubi
1516 3463 1554 3504 a
1590 3446 1959 3521 phantasiiS‚
2012 3445 2075 3501 iu
2111 3433 2266 3517 quas
2300 3439 2456 3497 falsa

320 3565 528 3606 eorum
563 3554 911 3617 vertuntur,
962 3549 1373 3625 exagitantur:
1430 3548 1584 3623 ignis
1625 3563 1832 3604 eorum
1868 3542 2174 3602 infernalis
2214 3547 2306 3599 est
2341 3556 2450 3596 cu·-

318 3646 545 3725 piditas
583 3646 810 3723 gloriae
849 3654 909 3706 et
952 3651 1235 3720 nominis„
1296 3665 1369 3706 ex
1416 3664 1536 3722 qua
1582 3644 1912 3721 cupiditate
1960 3659 2116 3702 unus
2152 3640 2452 3700 invehitur

316 3751 379 3806 in
416 3747 702 3819 alterum,
762 3754 821 3806 et
859 3765 933 3806 ex
969 3749 1247 3808 infernali
1294 3748 1509 3805 ardore
1554 3747 1784 3804 cruciat
1818 3744 1955 3803 illos
1990 3742 2074 3801 ibi
2113 3746 2307 3820 quise
2336 3759 2452 3800 non

314 3856 383 3906 ut
415 3847 678 3907 Numina
718 3848 949 3924 colunt,
1008 3857 1071 3908 et
1118 3848 1233 3908 hoc
1285 3866 1395 3924 per
1442 3849 1607 3905 vices
1653 3861 1808 3903 unus
1847 3846 2121 3904 alterum.
2207 3844 2274 3903 In
2313 3844 2458 3902 talia

314 4096 561 4151 fallaciis
603 4116 892 4164 sensuum,
937 4118 1007 4152 n:
1056 4105 1221 4160 5084.
1268 4106 1435 4160 6948.
1478 4106 1646 4160 6949.
1693 4105 1859 4160 7693.
1922 4096 2112 4176 Quod
2157 4094 2452 4150 sensuales

314 4173 579 4228 homines
621 4177 792 4231 astuti
836 4187 894 4230 et
932 4176 1208 4229 malitiosi
1254 4176 1367 4229 sint
1407 4174 1859 4246 prae-reliquis,
1905 4192 1970 4225 n:
2029 4181 2197 4233 7693.
2238 4179 2450 4231 10236.

319 4247 486 4315 Quod
525 4251 665 4305 tales
706 4254 778 4307 ab
820 4252 1077 4324 antiquis
1117 4251 1255 4305 dicti
1300 4252 1519 4304 fuerint
1550 4259 1847 4320 serpentes
1881 4250 2110 4302 arboris
2150 4247 2445 4308 scientiae,

311 4345 385 4383 n:
436 4337 558 4390 195·
609 4337 736 4392 196.
786 4338 914 4416 197.
963 4335 1127 4389 6396.
1174 4334 1339 4390 6949.
1380 4335 1587 4388 10313.
