3013 5114
567 396 636 444 10
1200 384 1293 436 DE
1337 383 1573 439 COELO
1615 383 1708 437 ET
1747 383 2078 437 INFERNO.

561 544 782 602 bonum
835 540 994 618 quod
1043 542 1118 600 ab
1163 542 1306 619 Ipso
1323 588 1340 619 ,
1401 552 1460 603 et
1508 561 1715 603 amare
1760 544 1980 603 bonum
2032 549 2127 602 est
2164 542 2321 602 velle
2373 549 2433 601 et
2479 544 2681 604 facere

565 644 784 702 bonum
848 660 921 702 ex
975 660 1175 701 amore
1191 665 1211 720 3
1277 651 1337 702 et
1380 663 1490 722 per
1544 663 1745 702 amare
1791 646 2125 720 proximum
2172 661 2290 702 non
2329 643 2684 720 intelligitur

474 782 479 785 Δ
563 761 765 802 amare
803 746 1030 802 socium
1070 745 1269 820 quoad
1312 763 1665 822 personam,
1719 737 1832 804 sed
1880 762 2081 803 amare
2135 763 2348 802 verum
2394 745 2552 820 quod
2606 763 2686 803 ex

563 843 794 916 Verb0,
866 850 925 902 et
979 863 1180 904 amare
1227 863 1438 904 verum
1501 852 1594 905 est
1643 845 1799 905 velle
1866 851 1925 905 et
1985 847 2184 904 facere
2248 863 2488 904 verum:
2545 845 2683 903 inde

564 951 771 1020 patet,
831 946 988 1021 quod
1034 946 1158 1004 bini
1205 946 1292 1004 illi
1330 964 1566 1006 amores
1620 964 1686 1004 se
1738 947 2103 1021 distinguant
2151 947 2307 1005 sicut.
2356 946 2578 1004 bonum
2625 953 2687 1003 et.

564 1063 800 1120 verum,
859 1053 917 1102 et
967 1046 1125 1122 quod
1177 1063 1242 1104 se
1295 1049 1660 1125 conjungant
1709 1049 1863 1105 sicut
1910 1047 2129 1104 bonum
2188 1063 2319 1104 cum
2374 1064 2517 1104 vero
2574 1042 2683 1126 (x).

568 1145 688 1204 Sed
717 1145 872 1204 haec
913 1164 1092 1223 aegre
1132 1148 1352 1206 cadunt
1397 1152 1458 1207 in
1503 1147 1698 1206 ideam
1751 1147 2040 1219 1101111015,
2100 1148 2200 1221 qui
2237 1165 2353 1205 non
2391 1149 2505 1205 scit
2542 1147 2688 1223 quid

566 1263 761 1321 amor,
820 1247 961 1322 quid
996 1248 1246 1320 bonum,
1298 1257 1358 1307 et
1394 1249 1537 1325 quid
1570 1251 1875 1324 proximus
1918 1245 2024 1327 (y).

778 1350 882 1405 16.
956 1348 1264 1422 Loquutus
1315 1366 1444 1407 sum
1499 1349 1815 1424 aliquoties
1864 1366 1996 1407 cum
2048 1348 2294 1422 Angelis
2334 1348 2408 1406 de
2444 1348 2557 1406 hac
2596 1366 2682 1422 re,

564 1450 664 1524 qui
726 1447 1034 1516 dixerunt,
1106 1448 1264 1522 quod
1317 1452 1606 1507 mirentur
1660 1449 1817 1524 quod
1869 1450 2139 1507 homines
2203 1448 2513 1506 Ecclesiae
2568 1466 2687 1506 non

561 1550 781 1620 sciant,
840 1547 1000 1623 quod
1037 1566 1236 1605 amare
1274 1551 1595 1607 Dominum
1628 1556 1687 1608 et
1723 1567 1924 1608 amare
1953 1551 2319 1626 proximum,
2374 1551 2452 1606 sit.
2480 1566 2687 1608 amare

559 1648 779 1705 bonum
817 1655 875 1706 et
909 1665 1148 1720 verum,
1215 1657 1274 1708 et
1329 1667 1400 1707 ex
1455 1650 1614 1708 velle
1664 1650 1863 1709 facere
1911 1650 2044 1723 illa,
2103 1668 2235 1708 cum
2280 1656 2481 1707 tamen
2528 1650 2684 1707 scire

557 1750 814 1824 possint,
871 1749 1029 1824 quod
1083 1753 1335 1825 quisque
1379 1757 1634 1808 testetur
1682 1768 1945 1809 amorem
2003 1768 2110 1826 per
2156 1749 2317 1808 velle
2376 1757 2437 1807 et
2485 1751 2684 1808 facere

561 1866 715 1924 quae
752 1849 904 1907 alter
946 1849 1102 1924 vult,
1162 1858 1221 1909 et
1267 1851 1429 1926 quod
1481 1854 1567 1909 sic
1613 1858 1846 1909 ametur
1893 1852 2154 1908 vicissim
2194 1856 2253 1907 et
2290 1850 2685 1926 conjungatur

559 1950 700 2025 ipsi,
759 1956 818 2008 et
853 1967 969 2008 non
1008 1968 1117 2026 per
1155 1951 1315 2027 quod
1355 1959 1517 2009 amet
1549 1951 1750 2024 illum,
1811 1957 1868 2009 et
1908 1968 2100 2025 usque
2152 1968 2270 2009 non
2314 1949 2689 2008 voluntatem

560 2050 718 2108 illius
762 2051 937 2124 facit,
992 2052 1149 2126 quod
1185 2055 1244 2109 in
1282 2070 1348 2109 se
1389 2060 1481 2110 est
1517 2070 1632 2109 non
1670 2069 1899 2110 amare:
1958 2058 2017 2110 et
2054 2067 2290 2125 qnoque
2341 2051 2498 2125 quod
2537 2066 2686 2126 pos-

561 2153 679 2208 sint
733 2152 920 2224 scire,
980 2151 1136 2225 quod
1187 2152 1405 2208 bonnm
1442 2152 1779 2227 procedens
1835 2169 1871 2208 a
1925 2151 2178 2209 Domino
2236 2152 2313 2208 sit
2365 2149 2687 2208 similitudo

557 2250 795 2326 Ipsius,
855 2253 1138 2326 quoniam
1174 2251 1318 2327 Ipse
1359 2253 1543 2310 estin
1592 2251 1728 2321 illo,
1786 2258 1846 2310 et
1895 2252 2055 2327 quod
2093 2251 2178 2309 illi
2215 2251 2360 2309 fiant
2404 2251 2684 2309 similitu-

563 2350 730 2408 dines
771 2334 1015 2427 Ipsum,¹
1068 2358 1128 2409 et
1167 2352 1603 2428 conjungantur
1636 2352 1796 2427 Ipsi,
1853 2354 1951 2426 qui
1985 2353 2203 2411 bonum
2245 2359 2304 2410 et
2338 2370 2542 2410 verum
2586 2353 2683 2408 vi-

559 2458 657 2508 tae
695 2468 844 2510 suae
883 2453 1143 2525 faciunt,
1200 2470 1309 2529 per
1349 2453 1502 2511 velle
1544 2458 1603 2509 et
1657 2453 1855 2510 faeere
1870 2472 1885 2527 3
1941 2453 2099 2511 velle
2140 2454 2316 2511 etiam
2357 2460 2448 2510 est
2484 2468 2685 2510 amare

556 2553 774 2612 facere.
828 2552 1006 2629 Quod
1045 2554 1130 2612 ita
1160 2556 1268 2627 sit,
1312 2555 1486 2613 etiam
1518 2553 1811 2613 Dominus
1849 2555 1908 2612 in
1940 2553 2140 2612 Verbo
2179 2553 2371 2625 docet,
2412 2551 2685 2627 dicendo,

560 2698 596 2728 „
612 2653 748 2729 Qui
786 2653 966 2713 habet
1001 2660 1342 2733 praecepta
1381 2673 1536 2728 mea,
1588 2660 1647 2714 et
1676 2654 1852 2735 facit
1892 2652 2043 2722 illa,
2096 2651 2207 2713 ille
2242 2659 2336 2713 est
2373 2653 2485 2732 qui
2510 2656 2691 2713 amat

560 2752 700 2827 lise,
756 2759 814 2812 et
853 2753 1002 2832 Eyo
1045 2757 1267 2814 amabo
1314 2752 1519 2827 illum,
1576 2761 1635 2815 et
1686 2755 2081 2814 mansionem
2120 2753 2297 2833 apud
2345 2751 2535 2815 illum
2566 2752 2689 2835 fa-

557 2853 794 2926 ciam,“
838 2853 978 2911 Joh:
1018 2852 1190 2912 XIV:
1235 2858 1346 2911 21.
1394 2857 1506 2912 23.
1581 2856 1654 2912 Et
1690 2855 1851 2929 alibi,
1897 2853 2021 2930 „Si
2057 2853 2376 2938 mandata„
2408 2873 2549 2913 mea
2574 2852 2685 2934 fe-

557 2952 806 3026 ceritis,
864 2952 1200 3012 manebitis
1242 2953 1312 3013 in
1352 2973 1565 3014 amore
1599 2959 1800 3029 meo,“'
1860 2957 2009 3013 ‚Johz
2066 2955 2219 3014 XV:
2267 2958 2375 3014 10.
2424 2958 2532 3013 12.

780 3059 883 3111 17.
941 3052 1116 3129 Quod
1173 3055 1457 3112 Divinum
1497 3074 1533 3112 a
1572 3056 1827 3114 Domino
1881 3057 2246 3132 procedens,
2305 3056 2464 3132 quod
2507 3054 2690 3113 afficit

557 3153 835 3230 angelos,
891 3163 950 3211 ct
985 3155 1127 3213 facit
1176 3154 1406 3213 coelum
1430 3199 1445 3225 ,
1487 3158 1567 3214 sit
1602 3172 1798 3231 amor,
1849 3162 2104 3215 testatur
2141 3158 2331 3215 omnis
2371 3155 2692 3233 experien-

555 3258 640 3313 tia
686 3258 743 3311 in
795 3254 979 3314 Coelo
994 3275 1010 3329 3
1073 3272 1277 3314 omnes
1338 3257 1521 3330 enim,
1580 3259 1682 3333 qui
1735 3257 1851 3333 ibi,
1909 3263 2047 3316 sunt
2093 3258 2319 3315 formae
2368 3258 2586 3315 amoris
2630 3263 2692 3315 et

555 3356 890 3431 charitatis,
950 3362 1245 3433 apparent
1288 3359 1348 3414 in
1383 3356 1826 3433 pulchritudine
1863 3357 2174 3431 ineffabili,
2234 3375 2303 3416 ac
2350 3375 2517 3416 amor
2553 3356 2691 3423 elu-

716 3607 802 3671 (x)
850 3606 1020 3684 Quod
1067 3626 1263 3661 amare
1304 3609 1620 3661 Dominum
1663 3620 1720 3663 et
1760 3610 2090 3681 proximum
2131 3609 2208 3661 sit
2247 3608 2449 3660 vivere
2492 3624 2694 3659 secun·

554 3683 689 3735 dum
729 3694 1043 3756 praecepta
1080 3685 1336 3748 Domini,
1382 3705 1448 3737 n:
1497 3693 1710 3747 10143.
1753 3694 1962 3747 10153.
2009 3690 2690 3745 10310.10578.10648.

715 3758 800 3825 (y)
848 3759 1022 3828 Quod
1064 3777 1258 3813 amare
1300 3761 1634 3831 proximum
1680 3779 1795 3813 non
1842 3762 1915 3814 sit
1955 3777 2149 3813 amare
2192 3776 2535 3831 personam,
2593 3757 2696 3811 sed

556 3833 614 3885 111
665 3834 823 3904 quod
866 3844 952 3887 est
999 3836 1152 3905 apud
1197 3837 1358 3887 illum
1403 3855 1471 3890 ex
1516 3854 1631 3909 quo
1676 3837 1809 3900 ille,
1877 3839 1953 3889 ita
1994 3854 2197 3889 verum
2242 3846 2299 3888 et
2339 3836 2580 3895 bonum,
2623 3851 2694 3885 nt

558 3917 726 3969 5025.
766 3919 973 3969 10336.
1039 3912 1153 3987 Qui
1198 3922 1391 3964 amant
1422 3930 1755 3982 personam,
1800 3924 1859 3966 et
1895 3930 2013 3966 non
2049 3911 2207 3983 quod
2235 3921 2322 3964 est
2347 3910 2501 3982 apud
2529 3910 2696 3961 illum

556 4004 625 4038 cx
666 4004 782 4057 quo
827 3986 956 4048 ille,
1024 3986 1185 4057 quod
1238 3997 1432 4041 ament
1473 4006 1660 4061 aeque
1705 3990 1915 4042 malum
1970 4007 2034 4041 ac
2090 3988 2342 4050 bonum,
2408 4004 2475 4039 n:
2523 3994 2697 4046 5820.

557 4061 729 4138 Quod
774 4061 1023 4113 charitas
1069 4062 1144 4115 sit
1185 4063 1342 4116 velle
1385 4081 1523 4117 vera
1580 4076 1636 4118 et
1690 4064 1839 4118 affici
1899 4064 2056 4116 veris
2097 4072 2347 4135 propter
2386 4078 2558 4125 vera,
2623 4078 2698 4113 n:

561 4144 730 4196 3876.
777 4145 945 4196 3877.
1033 4138 1209 4213 Quod
1255 4139 1505 4193 charitas
1552 4158 1686 4213 erga
1729 4141 2060 4211 proximum
2105 4139 2179 4190 sit
2218 4139 2413 4190 facere
2453 4138 2716 4196 bonum..

558 4213 776 4278 justum
821 4224 878 4266 et
925 4224 1149 4267 rectum
1215 4217 1274 4268 in
1328 4218 1487 4270 omni
1549 4235 1733 4289 opere
1789 4228 1846 4270 et
1898 4218 1956 4268 in
2016 4215 2175 4268 omni
2229 4214 2563 4275 functione,
2626 4230 2702 4290 ¹¹4²,

557 4297 728 4349 8120.
774 4298 942 4350 8121.
986 4298 1155 4351 8122.
2707 4292 2737 4311 ““
