3013 5114
547 371 658 421 200
1185 359 1275 410 DE
1321 358 1559 413 COELO
1602 357 1696 410 ET
1734 354 2067 410 INF-ERNO.

543 523 693 582 mari
744 524 998 597 possunt
1045 535 1221 593 quam
1269 520 1328 575 in
1369 517 1589 586 Coe10‚
1647 517 1963 575 Exteriora
2012 520 2210 574 autem
2248 514 2575 574 formantur
2611 517 2671 574 in

546 621 806 694 mund03
864 636 999 677 cum
1034 618 1329 677 Interiora
1363 619 1617 675 formata
1653 624 1792 675 sunt
1826 620 1885 675 in
1927 616 2128 688 coelo,
2168 622 2306 674 tunc
2340 615 2474 690 illa,
2515 633 2672 693 quae

544 723 659 800 ibi,
717 721 966 778 influunt
1012 719 1070 775 in
1124 719 1440 777 Exteriora
1492 736 1647 794 quae
1701 736 1732 776 e
1783 718 2034 792 mundo,
2093 724 2153 776 et
2189 717 2444 774 formant
2479 735 2553 776 ea
2597 717 2672 775 ad

547 820 1172 897 correspondentiam,
1228 819 1342 879 hoc
1382 824 1501 891 est,
1562 826 1626 876 ut
1660 835 1866 878 secum
1906 838 2082 878 unum
2124 824 2333 894 agant3
2387 817 2501 877 hoc
2539 836 2673 876 cum

546 925 770 983 factum
810 903 932 997 est,
988 920 1165 979 homo
1204 920 1279 978 ab
1316 923 1600 979 interiore
1639 919 1802 978 videt
1844 927 1904 980 et
1938 921 2211 997 percipit.
2266 918 2346 980 Ut
2381 918 2673 978 Interiora

548 1026 901 1092 formentur,
960 1024 1197 1081 unicum
1235 1022 1495 1080 medium
1533 1028 1656 1094 est,
1704 1027 1769 1078 ut
1809 1021 1984 1079 homo
2021 1025 2257 1097 spectet
2286 1020 2363 1078 ad
2388 1019 2673 1079 Divinum

552 1134 615 1183 et
661 1123 738 1182 ad
776 1123 1057 1198 Coelum,
1114 1140 1283 1193 nam,
1335 1131 1403 1182 ut
1446 1122 1668 1180 dictum
1721 1128 1842 1195 est,
1897 1121 2193 1180 Interiora
2236 1121 2567 1183 formantur
2613 1123 2675 1180 in

553 1207 738 1285 Coelo
754 1244 768 1299 3
827 1232 884 1282 et
922 1230 1059 1282 tunc
1098 1230 1335 1300 spectat
1386 1223 1563 1281 homo
1612 1222 1687 1280 ad
1724 1222 2038 1295 Divinum,
2093 1239 2225 1281 cum
2276 1222 2464 1281 credit
2497 1221 2672 1280 Divi-

551 1344 723 1399 num,
784 1336 842 1384 et
888 1324 1077 1385 credit
1127 1324 1286 1400 quod
1333 1324 1468 1383 inde
1520 1341 1692 1382 omne
1748 1340 1955 1381 verum
2012 1329 2072 1381 et
2118 1323 2365 1397 bonum,
2427 1322 2674 1399 proinde

550 1429 742 1488 omnis
779 1424 1184 1502 Intelligentia
1220 1431 1280 1484 et
1316 1423 1655 1501 Sapientia,
1699 1431 1758 1482 et
1795 1430 1932 1482 tunc
1980 1424 2168 1482 credit
2202 1423 2501 1498 Divinum,
2527 1441 2675 1482 ‘cum

549 1527 681 1585 vult
725 1527 861 1584 duci
897 1543 933 1583 a
968 1525 1220 1584 Divino:
1276 1528 1360 1583 ita
1398 1542 1513 1583 non
1543 1525 1718 1583 aliter
1758 1527 2109 1601 aperiuntur
2145 1521 2437 1583 Interiora
2473 1524 2671 1583 homi-

549 1630 662 1686 nis⁸
755 1626 948 1684 Homo
987 1627 1086 1700 qui
1123 1629 1179 1684 in
1226 1626 1332 1684 illa
1375 1626 1492 1685 fide
1534 1632 1656 1699 est,
1727 1628 1880 1684 etin
1932 1628 2055 1684 vita
2100 1625 2431 1684 secundum
2476 1625 2675 1700 fidem,

548 1727 653 1787 ille
705 1731 766 1785 in
816 1728 1087 1804 potentia
1137 1734 1199 1786 et
1251 1728 1537 1786 facultate
1574 1725 1946 1802 intelligendi
1983 1734 2043 1786 et
2081 1712 2355 1803 sapiendi
2392 1732 2515 1785 est:
2568 1725 2679 1784 sed

550 1836 620 1887 ut
653 1828 759 1887 fiat
805 1827 1145 1903 intelligens
1198 1836 1258 1886 et
1312 1831 1586 1904 sapiens,
1641 1833 1880 1903 oportet
1927 1827 2237 1886 addiscere
2280 1827 2490 1901 multa,
2561 1844 2678 1885 non

551 1929 744 1988 solum
786 1945 966 2005 quae-
993 1926 1162 1988 Coeli
1216 1935 1386 1999 sunt,
1439 1929 1549 1988 sed
1587 1931 1770 1988 etiam
1808 1946 1962 2004 quae
2010 1927 2247 2001 Mundi,
2317 1945 2473 2003 quae
2512 1926 2680 1988 Coeli

552 2036 694 2089 sunt
731 2047 802 2089 ex
839 2029 1042 2088 Verbo
1083 2029 1157 2087 ab
1194 2030 1501 2103 Ecclesia,
1546 2037 1607 2088 et
1643 2046 1798 2105 quae
1835 2029 2042 2087 Mundi
2088 2023 2226 2086 sunt
2256 2046 2329 2086 ex
2368 2027 2677 2103 Scientiis;

556 2117 845 2207 quantum
882 2128 1058 2187 homo
1111 2129 1367 2188 addiscit
1418 2136 1477 2186 et
1528 2130 1794 2206 applicat
1841 2132 2032 2198 vitae,
2088 2135 2317 2188 tantum
2352 2129 2418 2187 fit
2455 2129 2677 2189 intelli-

552 2245 703 2307 gens
754 2236 815 2286 et
865 2230 1149 2304 sapiens,
1206 2247 1339 2286 nam
1381 2236 1611 2288 tantum
1650 2209 1816 2288 risus
1863 2232 2111 2290 interior
2148 2233 2249 2305 qui
2289 2237 2381 2288 est
2417 2231 2548 2308 ejus
2585 2232 2679 2289 in-

550 2329 866 2403 tellectus,
925 2334 986 2387 et
1021 2329 1256 2388 affectio
1303 2331 1552 2388 interior
1585 2347 1739 2406 quae
1778 2337 1872 2389 est
1911 2329 2042 2408 ejus
2082 2331 2442 2400 voluntatis,
2493 2329 2680 2408 perfi-

551 2432 807 2491 ciuntur.
864 2427 1183 2506 Simplices
1214 2448 1288 2490 ex
1325 2431 1439 2505 hoc
1467 2448 1689 2508 genere
1727 2438 1867 2489 sunt
1895 2430 2111 2508 quibus
2130 2414 2437 2493 Interiora
2473 2437 2683 2509 aperta

548 2536 721 2596 sunt,
778 2531 887 2591 sed
929 2550 1045 2591 non
1092 2533 1175 2591 ita
1234 2533 1358 2609 per'
1397 2550 1544 2591 vera
1595 2533 1957 2609 spiritualia,
2027 2532 2302 2606 moralia,
2377 2533 2576 2592 civilia
2623 2537 2684 2592 et

551 2633 883 2709 naturalia,
940 2634 1211 2707 exculta,
1268 2634 1329 2691 hi
1363 2636 1707 2711 percipiunt
1741 2639 2057 2693 vera'cum
2102 2632 2206 2691 illa
2243 2633 2519 2709 audiunt,
2573 2633 2682 2694 sed

550 2751 673 2795 non
719 2733 923 2793 vident
968 2733 1074 2792 illa
1120 2735 1180 2793 in
1233 2750 1299 2792 se
1313 2755 1329 2810 3
1387 2733 1709 2811 Sapientes
1751 2742 1952 2795 autem
1990 2752 2060 2793 ex
2107 2733 2222 2792 hoc
2257 2751 2478 2809 genere
2530 2740 2684 2803 sunt,

554 2834 771 2913 quibus
812 2836 1097 2893 interiora
1131 2851 1248 2891 non
1291 2835 1466 2893 modo
1498 2840 1711 2910 aperta
1748 2843 1914 2907 sunt,
1967 2835 2073 2893 sed
2113 2836 2290 2891 etiam
2330 2835 2586 2910 exculta,
2623 2834 2687 2893 hi

555 2942 619 2995 et
656 2934 866 2992 vident
911 2937 971 2992 in
1020 2950 1087 2991 se
1133 2951 1279 2993 vera
1323 2942 1383 2992 et
1424 2937 1767 3010 percipiunt
1815 2936 1936 2994 illa.
2018 2935 2106 2995 Ex
2152 2934 2245 2993 his
2296 2941 2485 3011 patet,
2540 2936 2684 3013 quid

551 3052 701 3094 vera
733 3032 1139 3110 Intelligentia
1177 3041 1236 3093 et
1274 3033 1603 3110 Sapientia.
1644 3035 1649 3040 ’
1917 3109 1920 3113 Α

714 3135 873 3194 352.
934 3132 1153 3210 Spuria
1185 3134 1595 3211 Intelligentia
1634 3143 1693 3194 et
1731 3135 2041 3214 Sapientia
2094 3144 2187 3195 est
2224 3156 2342 3197 non
2381 3139 2586 3197 videre
2625 3145 2686 3194 et

554 3237 873 3314 percipere
912 3233 1051 3309 quid
1090 3252 1299 3293 verum
1337 3243 1396 3294 et
1433 3237 1680 3309 bonum,
1722 3254 1792 3295 ac
1830 3238 1966 3296 inde
2003 3238 2225 3296 falsum
2265 3244 2326 3297 et
2362 3238 2584 3296 malum
2613 3256 2686 3296 ex

554 3336 852 3410 interiori,
910 3334 1021 3393 sed
1054 3335 1229 3394 modo
1281 3335 1528 3395 credere
1576 3336 1638 3395 id
1684 3355 1893 3396 verum
1933 3345 1993 3398 et
2043 3337 2295 3413 bonum,
2349 3356 2419 3397 ac
2470 3338 2686 3397 falsum

557 3444 617 3498 et
654 3436 874 3497 malum
912 3453 1080 3506 esse,
1129 3438 1289 3514 quod
1328 3437 1403 3503 ab
1441 3437 1575 3496 aliis
1617 3438 1862 3512 dicitur,
1932 3445 1991 3496 et
2033 3440 2168 3499 dein
2206 3439 2267 3497 id
2303 3440 2685 3514 confirmare;

554 3539 645 3599 illi
680 3541 822 3615 quia
856 3555 974 3597 non
1010 3537 1217 3597 vident
1253 3556 1462 3598 verum
1504 3557 1576 3597 ex
1621 3557 1792 3613 ver0,
1849 3540 1959 3598 sed
1997 3558 2068 3600 ex
2109 3538 2255 3614 alio,
2313 3557 2507 3616 aeque
2541 3556 2689 3615 pos-

558 3644 701 3697 sunt
733 3640 1001 3715 arripere
1041 3646 1101 3697 et
1141 3639 1388 3699 credere
1425 3640 1645 3699 falsum
1683 3656 1754 3699 ac
1793 3657 2036 3710 verum,
2091 3646 2151 3699 et
2189 3657 2428 3716 quoque
2468 3639 2685 3699 confir-

556 3754 724 3798 mare
769 3739 919 3797 illud
969 3756 1161 3815 usque
1212 3747 1277 3799 ut
1323 3748 1624 3819 appareat
1673 3743 1831 3799 sicut
1878 3758 2087 3800 verum
2103 3760 2121 3816 3
2193 3741 2477 3817 quicquid
2534 3742 2690 3800 enim

558 3837 967 3911 confirmatur,
1023 3838 1215 3897 induit
1258 3844 1678 3917 apparentiam
1719 3843 1875 3917 veri,
1931 3848 1992 3899 et
2037 3841 2182 3899 nihil
2233 3848 2326 3900 est
2375 3842 2536 3917 quod
2573 3858 2691 3899 non

559 3936 895 3996 confirmari
943 3944 1177 4014 potest:
1231 3940 1445 3998 horum
1496 3942 1782 4000 interiora
1824 3958 1941 4000 non
1995 3947 2208 4019 aperta
2257 3949 2397 4000 sunt
2443 3943 2559 4001 nisi
2615 3940 2691 4000 ab

558 4038 746 4108 infra,
784 4038 893 4097 sed
923 4039 1221 4097 exteriora
1249 4046 1536 4116 quantum
1564 4058 1631 4100 se
1660 4041 2191 4116 confirmaverunt3
2249 4060 2434 4120 quare
2479 4042 2580 4101 lux
2618 4059 2692 4101 ex

562 4156 679 4215 qua
714 4137 949 4214 vident,
1003 4155 1124 4198 non
1160 4145 1255 4198 est
1292 4138 1394 4197 lux
1431 4140 1619 4216 coeli,
1676 4141 1785 4199 sed
1823 4150 1916 4201 est
1951 4143 2058 4202 lux
2093 4143 2332 4216 mundi,
2387 4160 2543 4219 quae
2588 4142 2688 4199 lu-

562 4257 697 4301 men
737 4238 1014 4301 naturale
1049 4245 1332 4318 vocatur3
1386 4242 1447 4300 in
1484 4241 1598 4301 hac
1639 4243 1790 4302 enim
1829 4242 1965 4305 luce
2005 4250 2261 4323 possunt
2296 4243 2453 4304 salsa
2488 4244 2692 4304 lucere
