3013 5114
565 410 674 465 ‘ns
1181 400 1272 453 DE
1317 399 1557 454 COELO
1601 399 1693 452 ET
1732 398 2070 476 INFERNo,

569 566 806 638 „instar
840 563 1028 621 nostri
1065 540 1252 634 Solis,
1291 562 1352 617 in
1395 561 1564 618 varia
1598 561 2036 636 magnitudine:
2090 562 2192 638 qui
2230 561 2342 619 rite
2387 559 2692 636 expendit,

565 667 669 740 „is
723 660 1054 736 concludit,
1113 660 1272 737 quod
1320 667 1506 719 totum
1555 660 1703 719 illud
1751 667 1873 719 tam
1928 664 2282 721 immensum
2332 678 2451 719 non
2502 663 2698 737 possit

565 781 733 841 „non
769 779 905 822 esse
961 779 1139 838 quam
1188 761 1451 822 medium
1506 762 1583 820 ad
1622 761 1829 838 finem,
1906 765 2008 839 qui
2053 763 2299 822 ultimus
2352 763 2690 836 creationis,

565 866 719 942 „qui
753 863 888 923 finis
926 871 1022 922 est
1056 862 1330 939 Regnum
1370 860 1683 932 Coeleste,
1735 864 1795 922 in
1834 881 1950 940 quo
1986 864 2271 923 Divinum
2308 881 2446 923 cum
2481 861 2689 940 Auge·

573 966 693 1042 „lis
733 970 791 1023 et
831 964 1170 1023 hominibus
1207 963 1479 1023 babitare
1526 969 1760 1040 potest,
1815 963 2174 1025 Universum
2213 967 2369 1024 enim
2411 970 2693 1039 aspecta-

567 1066 766 1141 „bile,
823 1083 934 1124 seu
984 1063 1232 1124 Coe-lum
1268 1065 1502 1124 illustre
1550 1071 1637 1123 tot
1673 1065 2204 1125 innumerabilibus
2255 1065 2476 1138 stellis,
2535 1081 2692 1140 quae

569 1171 757 1243 „sunt
793 1165 1039 1225 totidem
1078 1164 1283 1240 SoleS,
1346 1172 1438 1223 est
1473 1165 1649 1224 modo
1687 1166 1946 1225 medium
1983 1174 2049 1224 ut
2085 1169 2348 1226 existant
2388 1165 2690 1240 TellureS,

567 1275 678 1343 „et
727 1283 912 1344 super
965 1267 1081 1325 illis
1136 1266 1440 1334 homineS,
1495 1283 1570 1325 ex
1625 1267 1842 1342 quibus
1887 1266 2160 1343 Regnum
2214 1265 2511 1327 Coeleste.
2601 1265 2693 1324 Ex

571 1370 720 1444 „his
762 1367 1071 1427 rationalis
1118 1366 1296 1425 homo
1344 1383 1462 1424 non
1501 1366 1675 1425 aliter
1710 1369 1975 1443 cogitare
2011 1374 2242 1444 potest,
2299 1384 2478 1444 quam
2532 1366 2695 1443 quod

565 1476 740 1543 „tam
777 1470 1131 1527 immensum
1167 1467 1432 1526 Medium
1488 1467 1564 1526 ad
1615 1475 1843 1526 tantum
1894 1468 2103 1541 finem,
2169 1487 2287 1528 non
2335 1468 2560 1527 factum
2614 1468 2693 1525 sit

573 1587 732 1646 „pro
782 1568 1061 1626 Humano
1115 1584 1335 1644 genere
1394 1585 1469 1626 ex
1525 1586 1648 1626 una
1691 1569 1936 1627 Tellure
1952 1591 1969 1645 3
2043 1569 2186 1646 quid
2230 1569 2344 1629 hoc
2393 1569 2691 1643 soret-pro

571 1668 869 1745 „Divin0,
910 1668 1072 1744 quod
1104 1668 1424 1742 Infinitum,
1464 1670 1560 1727 cui
1587 1687 1799 1746 parum
1841 1676 1901 1728 et
1926 1673 2023 1729 vix
2061 1670 2288 1746 aliquid
2325 1676 2528 1730 essent
2551 1667 2691 1727 mil·

568 1770 703 1845 „lia
714 1814 732 1845 ,
771 1764 888 1828 imo
927 1768 1232 1846 myriades
1272 1769 1618 1844 Tellurum,
1659 1778 1717 1830 ct
1755 1788 1961 1830 omnes
1998 1772 2216 1848 plenae
2252 1770 2483 1830 incolis,
2541 1769 2695 1829 Sunt

569 1869 878 1947 „Spiritus
889 1915 906 1945 ,
964 1888 1214 1947 quorum
1251 1872 1491 1943 unicum
1530 1871 1793 1931 studium
1843 1879 1934 1931 est
1980 1873 2094 1930 sibi
2131 1875 2441 1948 acquirere
2478 1874 2689 1949 cogni-

501 1955 505 1959 ⁴
567 1974 845 2048 „tioneS,
899 1973 1041 2047 quia
1073 1971 1368 2057 illislsolis
1408 1971 1807 2048 delectantur,
1862 1972 1980 2031 illis
2023 1972 2345 2049 Spiritibus
2384 1973 2521 2032 ideo
2547 1973 2694 2035 licet

567 2075 1080 2149 „circumvagam
1136 2078 1195 2130 et
1236 2089 1473 2148 quoque
1515 2080 1684 2131 extra
1729 2073 1907 2151 hujus
1963 2072 2122 2134 Solis
2171 2075 2452 2133 mundum
2486 2080 2691 2134 trans-

570 2174 705 2248 „ire
757 2175 818 2230 in
877 2171 1059 2242 aliOS,
1113 2187 1183 2229 ac
1232 2172 1347 2231 sibi
1407 2175 1779 2249 cognitiones
1827 2191 2211 2250 comparare:
2279 2176 2344 2235 hi
2394 2174 2689 2250 dixerunt,

567 2271 778 2348 „quod
824 2288 943 2330 non
987 2271 1183 2330 solum
1228 2275 1347 2332 sint
1384 2272 1698 2342 TellureS,
1766 2290 1952 2351 super
2007 2276 2225 2351 quibus
2271 2276 2574 2351 homines,
2627 2280 2692 2337 in

541 2414 544 2417 -
564 2370 728 2448 „hoc
771 2369 969 2431 Solari
1004 2371 1257 2447 Mundo,
1297 2372 1407 2431 sed
1444 2376 1623 2432 etiam
1654 2380 1825 2433 extra
1853 2393 2022 2445 eum,
2058 2378 2118 2434 in
2161 2376 2345 2437 Coelo
2373 2378 2690 2450 AstriserO,

570 2474 904 2550 „immenso
931 2491 1212 2534 numero:
1249 2471 1314 2534 hi
1341 2473 1602 2550 Spiritus
1633 2486 1773 2534 sunt
1810 2494 1884 2536 ex
1912 2476 2168 2536 Planeta
2191 2478 2491 2537 Mercurii.
2546 2478 2692 2538 Cal-

563 2574 785 2654 „culus
822 2577 1004 2635 initus
1045 2582 1164 2651 est,
1221 2579 1273 2635 si
1307 2577 1502 2637 forent
1546 2579 1907 2650 1000,000
1950 2579 2229 2639 Tellures
2271 2583 2332 2639 in
2369 2580 2693 2653 Universo,

563 2680 759 2754 „etin
788 2679 1123 2753 unaquavis
1164 2677 1407 2738 Tellure
1436 2678 1709 2738 homines
1738 2696 1987 2739 numero
2028 2682 2536 2757 300,000,000,
2577 2697 2692 2740 seu

565 2778 761 2855 „300
798 2777 1117 2853 Milliones,
1158 2785 1219 2837 et
1260 2781 1399 2839 200
1442 2779 1883 2841 Generationes
1917 2782 2074 2839 intra
2116 2784 2305 2842 6000
2348 2783 2587 2857 Annos,
2629 2789 2694 2843 et

562 2880 832 2954 „cuique
896 2872 1120 2936 homini
1190 2895 1297 2938 seu
1361 2882 1596 2955 spiritui
1668 2879 1910 2939 daretur
1975 2884 2239 2959 spatium
2304 2886 2338 2944 3
2409 2884 2687 2942 ulnarum

563 2976 990 3055 „cubicarum,
1048 2978 1207 3054 quod
1260 2996 1544 3039 numerus
1600 2988 1690 3040 tot
1734 2981 2037 3041 hominum
2092 3000 2206 3042 seu
2260 2986 2581 3062 spirituum
2627 2985 2691 3042 in

563 3094 793 3154 „unam
840 3092 1134 3139 summam
1169 3079 1458 3139 collectus
1498 3098 1620 3140 non
1656 3099 1848 3159 usque
1884 3051 2166 3161 ifnpleret
2204 3088 2463 3161 spatium
2505 3085 2689 3162 huJus

568 3177 877 3255 „telluris‚
930 3195 1000 3237 ac
1035 3181 1136 3237 vix
1171 3180 1332 3238 ultra
1367 3183 1631 3256 spatium
1669 3186 1842 3242 unius
1879 3184 2158 3244 satellitis
2207 3188 2425 3247 circum
2463 3186 2687 3245 Plane-

563 3285 708 3357 „tas
758 3278 918 3357 quod
962 3280 1118 3340 foret
1163 3282 1426 3356 spatium
1465 3284 1524 3340 in
1565 3285 1848 3342 universo
1888 3288 2203 3362 parvitatis
2244 3305 2442 3364 paene
2478 3289 2689 3346 incon-

568 3383 900 3459 „spicuae,
974 3399 1110 3441 nam
1152 3381 1399 3440 satelles
1458 3399 1657 3441 coram
1714 3385 1873 3444 nudo
1929 3386 2100 3446 oculo
2156 3405 2337 3465 aegre
2399 3394 2685 3467 apparet:

566 3483 759 3561 „quid
793 3482 908 3543 hoc
941 3500 1051 3560 pro
1091 3481 1377 3543 Creatore
1412 3482 1725 3559 Universi,
1767 3484 1880 3545 Cui
1914 3504 2033 3546 non
2067 3492 2218 3549 satis
2258 3498 2455 3563 esset,
2499 3491 2553 3549 si
2586 3496 2684 3547 to-

569 3590 738 3660 „tum
774 3583 1136 3646 Universum
1171 3585 1329 3644 foret
1367 3585 1711 3662 impletum,
1771 3595 1864 3646 est
1900 3590 2055 3647 enim
2090 3589 2385 3650 InfinituS.
2462 3591 2559 3650 De
2593 3590 2691 3664 his

562 3701 746 3759 „cum
777 3684 1025 3763 Angelis
1062 3686 1347 3763 loquutus
1384 3703 1518 3746 sum
1539 3731 1556 3763 ,
1614 3691 1715 3763 qui
1755 3688 2061 3761 dixerunt,
2116 3691 2274 3767 quod
2311 3693 2400 3777 illi
2434 3689 2689 3751 similem

565 3784 811 3860 „ideam
848 3786 923 3846 de
968 3790 1274 3863 paucitate
1317 3788 1572 3848 Generis
1603 3790 1886 3849 «Humani
1918 3795 2259 3869 respective
2306 3793 2383 3851 ad
2417 3792 2689 3851 Infinita-

562 3890 734 3959 „tem
784 3883 1089 3946 Creatoris
1147 3886 1437 3965 habeant,
1511 3890 1622 3950 sed
1665 3909 1857 3969 usque
1899 3893 2059 3968 quod
2109 3893 2196 3952 illi
2246 3912 2366 3953 non
2416 3912 2491 3953 ex
2537 3910 2687 3970 spa·

561 3983 739 4059 „tiis,
814 3984 924 4043 sed
979 4002 1053 4045 ex
1106 3987 1362 4046 statibus
1404 3993 1702 4067 cogitent,
1774 4000 1834 4052 et
1885 3995 2043 4070 quod
2097 3995 2427 4054 secundum
2482 4011 2691 4055 eorum

562 4083 808 4159 „ideam
850 4083 1127 4144 Tellurcs
1172 4103 1423 4146 numero
1465 4097 1554 4149 tot
1605 4092 1974 4170 myriadum,
2032 4101 2181 4173 quot
2223 4112 2481 4173 usquam
2517 4097 2685 4173 cogi-

563 4185 728 4258 „tari
772 4191 1039 4262 possent,
1084 4202 1279 4263 usque
1309 4205 1559 4265 prorsus
1593 4191 1743 4251 nihil
1776 4193 1972 4255 forent
2007 4196 2085 4255 ad
2118 4175 2509 4257 Dominum⁶.“
2588 4197 2687 4257 De

567 4285 911 4348 Telluribus
947 4289 1008 4347 in
1046 4274 1378 4367 ⁴Universo,
1437 4297 1496 4351 et
1534 4292 1606 4353 de
1645 4310 1850 4354 carum
1896 4296 2118 4364 Incolis
2169 4306 2230 4360 et
2265 4298 2400 4359 inde
2440 4296 2683 4376 Spiriti-
