3013 5114
731 410 824 463 DE
869 406 1254 464 SAPIENTIA
1294 408 1750 465 ANGELORUM
1788 408 2015 464 COELI.
2357 419 2462 473 143

343 571 750 649 Angelorum:
810 570 1115 647 sapientia
1149 569 1388 628 illorum
1423 585 1490 629 se
1525 570 1709 629 habet
1744 569 1822 631 ad
1856 572 2211 648 sapientiam
2248 571 2465 630 huma-

340 692 481 732 nam
518 674 682 730 sicut
714 673 937 747 myrias
965 671 1043 729 ad
1080 688 1292 742 unum,
1349 674 1755 746 comparative
1791 674 1946 731 sicut
1979 673 2140 730 vires
2183 674 2463 733 motrices

341 777 525 835 totius
580 774 848 849 corporis
861 816 878 845 ,
951 789 1105 848 quae
1156 771 1620 831 innumerabiles
1675 779 1845 840 sunt,
1914 772 1992 830 ad
2041 775 2333 832 actionem
2387 790 2460 833 ex

339 876 493 950 illis,
587 890 740 949 quae
794 882 996 931 coram
1044 889 1228 931 sensu
1287 873 1547 932 humano
1608 879 1901 950 apparent
1952 879 2019 931 ut
2068 891 2282 950 unum3
2360 880 2463 933 aut

342 980 501 1036 sicut
548 975 737 1033 millia
795 973 1016 1050 objecti
1061 976 1193 1032 visa
1233 968 1503 1050 perfecto
1556 976 1951 1050 microscopio
2008 974 2082 1031 ad
2129 993 2311 1034 unum
2350 975 2461 1034 ob-

343 1095 586 1137 scurum
624 1092 828 1135 coram
866 1073 1024 1133 nudo
1056 1074 1248 1133 oculo,
1304 1074 1501 1150 Velim
1534 1077 1710 1134 etiam
1746 1093 1870 1133 rem
1904 1074 2205 1134 illustrare
2253 1093 2459 1135 exem-

228 1206 229 1213 *
341 1179 446 1256 plo
460 1198 477 1252 3
557 1175 831 1252 Angelus
887 1193 962 1233 ex
1003 1177 1298 1251 sapientia
1352 1193 1465 1234 sua
1531 1159 1851 1253 desciipsit
1901 1175 2458 1252 Regenerationem,

348 1286 410 1339 et
445 1277 697 1355 protulit
733 1293 954 1358 arcana
993 1276 1066 1334 de
1103 1276 1206 1334 illa
1235 1278 1296 1333 in
1332 1292 1442 1334 suo
1483 1277 1688 1336 ordine
1724 1293 1916 1354 usque
1954 1277 2030 1335 ad
2065 1283 2318 1336 centena
2331 1321 2348 1350 ,
2401 1284 2461 1337 et

341 1376 783 1454 unumquodvis
822 1395 1107 1437 arcanum
1146 1377 1421 1454 implevit
1458 1377 1611 1436 ideis
1667 1380 1726 1437 in
1775 1377 1990 1454 quibus
2041 1395 2262 1437 arcana
2302 1381 2460 1438 inte-

340 1483 501 1541 riora
564 1484 762 1547 erant,
841 1485 902 1536 et
961 1477 1075 1537 hoc
1112 1496 1150 1536 a
1212 1480 1504 1555 principio
1568 1478 1646 1536 ad
1697 1478 1904 1551 finem,
1977 1481 2257 1554 exposuit
2303 1481 2458 1539 enim

344 1580 639 1659 quomodo
679 1579 1009 1655 spiritualis
1053 1579 1229 1638 homo
1270 1597 1301 1638 e
1343 1597 1496 1638 novo
1539 1581 1899 1656 concipitur,
1966 1581 2027 1638 in
2077 1586 2249 1640 utero
2285 1582 2460 1658 quasi

341 1687 640 1759 gestatur,
696 1682 992 1753 nascitur,
1048 1680 1375 1755 adolescit,
1435 1687 1493 1740 et
1531 1683 1875 1740 successive
1912 1681 2254 1759 perficitur-3
2312 1681 2459 1741 dixit

349 1781 508 1858 quod
555 1783 853 1857 potuisset
900 1798 1215 1840 numerum
1270 1798 1631 1840 arcanorum
1665 1798 1859 1857 usque
1896 1781 1973 1840 ad
2013 1782 2240 1857 aliquot
2273 1782 2459 1841 millia

345 1899 570 1958 augere
582 1902 598 1958 3
654 1888 711 1941 et
747 1881 905 1957 quod
942 1882 1046 1940 illa
1087 1899 1241 1957 quae
1273 1882 1436 1940 dicta
1483 1888 1624 1939 sunt
1660 1882 1853 1940 solum
1890 1888 2097 1941 essent
2142 1882 2216 1941 de
2252 1881 2455 1959 Rege-

342 1985 650 2042 neratione
699 1983 943 2041 Externi
993 1983 1285 2058 hominiS,
1347 1988 1409 2041 et
1458 1981 1617 2058 quod
1657 1982 2113 2041 innumerabilia
2145 1982 2324 2058 plura
2358 1983 2453 2041 fo-

340 2089 478 2143 rent
518 2083 591 2143 de
624 2082 1104 2160 Regeneratione
1131 2083 1375 2142 Interni.
1453 2083 1544 2141 Ex
1579 2083 1672 2142 his
1712 2089 1773 2142 et
1806 2083 2095 2142 similibus
2133 2082 2265 2141 aliis
2302 2100 2456 2160 quae

339 2184 418 2243 ab
453 2184 704 2261 Angelis
741 2183 946 2244 audita
983 2193 1153 2259 sunt,
1200 2187 1397 2261 patuit
1432 2184 1576 2243 mihi
1612 2189 1837 2261 quanta
1871 2184 1988 2244 illis
2026 2185 2355 2260 sapientia,
2395 2189 2459 2244 et

336 2288 684 2362 respective
713 2292 939 2361 quanta
973 2287 1309 2362 ignorantia
1341 2285 1598 2360 homini,
1655 2301 1809 2362 quae
1845 2288 1948 2344 vix
1994 2287 2109 2344 scit
2149 2284 2291 2362 quid
2328 2284 2454 2346 Re-

337 2380 647 2464 generatio
658 2431 677 2463 ,
744 2393 805 2445 et
850 2403 971 2444 non
1007 2389 1120 2446 scit
1157 2386 1402 2463 aliquod
1436 2392 1799 2449 momentum
1833 2387 2273 2464 progressionis
2316 2403 2453 2444 cum

335 2493 745 2566 regeneratur.

505 2592 668 2649 270.
737 2589 833 2649 De
885 2588 1198 2666 Sapientia
1259 2588 1629 2664 Angelorum
1671 2588 1860 2647 Tertii
1900 2603 2012 2646 seu
2046 2588 2235 2646 intimi
2271 2585 2458 2657 Coeli,

343 2695 407 2750 et
432 2697 616 2766 quant
656 2755 669 2770 s,
734 2689 852 2762 ,illa
888 2690 1123 2750 excedit
1158 2690 1515 2765 sapientiam
1556 2688 1905 2766 angelorum
1937 2688 2122 2747 Primi
2156 2704 2267 2747 seu
2301 2687 2448 2747 ulti-

340 2793 467 2850 timi
516 2708 726 2865 Οοωὲ
782 2808 940 2851 nunc
979 2791 1239 2851 dicetur:
1309 2788 1621 2867 Sapientia
1672 2788 2041 2866 Angelorum
2106 2789 2296 2848 Tertii
2338 2804 2452 2848 seu

335 2893 529 2950 intimi
565 2891 735 2954 Coeli
772 2898 866 2951 est
915 2892 1568 2969 incomprehensibilis,
1634 2893 1816 2951 etiam
1855 2890 1975 2949 illis
2013 2892 2116 2967 qui
2148 2891 2209 2947 in
2242 2889 2450 2949 ultimo

340 2991 525 3052 Coelo
562 2999 704 3053 sunt
715 3012 733 3069 3
790 3010 977 3053 causa
1005 2999 1130 3073 est,
1172 2996 1314 3070 quia
1346 2994 1628 3053 interiora
1663 2991 2029 3070 Angelorum
2070 2991 2260 3052 Tertii
2288 2989 2445 3051 Coe-

336 3093 381 3152 li
416 3093 494 3152 ad
517 3096 758 3153 tertium
792 3094 1043 3172 gradum
1091 3099 1304 3171 aperta
1342 3100 1519 3169 sunt,
1586 3095 1873 3153 interiora
1918 3099 2121 3152 autem
2174 3092 2447 3170 Angelo-

337 3212 470 3253 rum
500 3195 692 3280 J'rimi
736 3193 905 3255 Coeli
928 3195 1106 3256 modo
1144 3195 1223 3254 ad
1257 3196 1515 3271 primum
1550 3194 1827 3273 gradum,
1885 3200 1946 3254 et
1979 3195 2167 3253 omnis
2205 3194 2450 3271 sapien-

339 3483 551 3536 minem
595 3485 668 3535 sit
720 3482 780 3535 in
822 3482 1061 3555 singulis
1114 3482 1238 3550 ejus
1293 3481 1474 3546 vitae,
1530 3481 1608 3535 ita
1663 3481 1723 3534 in
1782 3482 2051 3535 omnibus
2111 3490 2168 3534 et
2207 3479 2447 3551 singulis

338 3559 464 3627 ejus
519 3559 888 3629 cogitationis
944 3569 1001 3612 et
1051 3558 1420 3623 affectionis,
1500 3576 1568 3610 n:
1614 3564 1784 3619 4459.
1826 3565 1993 3618 5949.
2049 3564 2216 3618 6159.
2271 3564 2444 3617 6571.

342 3641 514 3694 7648.
558 3642 725 3695 8067.
770 3642 938 3695 8853.
981 3634 1052 3687 ad
1095 3643 1264 3695 8858.
1343 3633 1509 3699 Quod
1548 3635 1725 3687 homo
1779 3633 1908 3687 talis
1950 3633 2052 3697 sit,
2097 3631 2283 3705 qualis
2322 3631 2446 3700 ejus

335 3727 504 3763 amor
542 3709 860 3775 dominans,
904 3728 972 3761 n:
1010 3718 1138 3770 918.
1181 3719 1349 3771 1040.
1388 3717 1569 3778 88583
1639 3708 1984 3762 illustratum
2021 3726 2128 3781 per
2163 3708 2442 3781 exempla,

335 3804 405 3838 n:
469 3793 636 3848 8854.
704 3793 871 3847 8857.
922 3785 1095 3851 'Quod
1148 3785 1208 3839 id
1269 3786 1426 3858 quod
1488 3784 1901 3838 universaliter
1959 3794 2201 3856 regnat,
2272 3784 2448 3838 faciat

332 3862 512 3917 vitam
553 3863 793 3933 spiritus
853 3863 1141 3925 hominis,
1210 3880 1277 3913 n:
1333 3870 1501 3923 7648.
1586 3859 1753 3925 Quod
1799 3861 1857 3914 id
1902 3861 1975 3913 sit
2016 3862 2137 3932 ipsa
2178 3861 2445 3914 voluntas

337 3938 493 4006 ejus,
552 3939 676 4009 ipse
729 3956 894 3992 amor
935 3939 1089 4008 ejuS,
1153 3949 1209 3990 et
1247 3939 1377 3991 finis
1419 3938 1574 3992 vitae
1616 3936 1770 4006 eju-⁹0,
1834 3937 2105 4009 quoniam
2148 3936 2304 4010 quod
2348 3938 2448 3990 ho-

240 4035 267 4054 ·
333 4030 429 4067 mo
462 4016 588 4067 vult
620 4016 730 4068 hoc
763 4025 932 4079 amat,
976 4023 1034 4068 et
1068 4013 1224 4085 quod
1260 4023 1429 4079 amat,
1472 4016 1582 4067 hoc
1620 4031 1728 4086 pro
1762 4013 1875 4067 fine
1912 4014 2116 4076 habet,
2159 4031 2227 4066 n:
2272 4021 2442 4073 1317.

338 4097 504 4150 1568·
569 4099 735 4150 1571·
793 4099 958 4152 1909·
1016 4098 1184 4149 3796.
1243 4090 1409 4151 5949.
1475 4098 1643 4150 6936.
1701 4088 1866 4155 Quod
1927 4090 2059 4144 ideo
2100 4090 2273 4142 homo
2315 4088 2448 4142 talis

333 4165 408 4218 sit
460 4167 646 4237 qualis
705 4167 829 4235 ejus
893 4166 1186 4230 voluntas,
1260 4176 1358 4219 aut
1410 4166 1596 4239 qualis
1638 4165 1760 4233 ejus
1802 4183 1967 4220 amor
2005 4182 2283 4237 regnam,
2347 4172 2449 4217 aut

331 4242 520 4314 qualis
559 4242 684 4309 ejus
722 4243 853 4296 finis
895 4244 1078 4305 vitae,
1119 4259 1188 4294 nt
1232 4250 1399 4302 1568·
1442 4250 1611 4304 1571·
1655 4250 1822 4303 3570·
1859 4249 2031 4304 4054·
2067 4248 2238 4302 6571.
2276 4244 2445 4301 6934·

332 4324 502 4378 6938·
546 4324 713 4379 8856·
758 4326 967 4381 10076.
1010 4325 1216 4379 10109.
1262 4326 1467 4379 10110.
1508 4324 1717 4379 10284.
