3013 5114
472 410 566 464 DE
610 408 845 465 STATU
888 409 1376 465 INNOCENTIAE
1417 396 1866 469 ANGELORU'M
1904 414 1975 467 IN
2020 413 2273 474 COELO.
2382 427 2488 478 153

358 574 530 653 jungi
565 572 761 648 possit
799 570 955 629 bono
997 586 1067 629 ac
1102 569 1323 629 bonum
1364 588 1537 647 ver0,
1576 574 1690 631 nisi
1727 573 1922 632 media
1948 577 2314 652 innocentia3
2351 577 2488 636 inde

366 690 606 752 quoque
668 679 790 745 est,
856 672 1017 747 quod
1072 672 1345 747 Angelus
1395 690 1513 731 non
1564 675 1646 731 sit
1688 674 1958 750 Angelus
2002 674 2199 751 Coeli,
2278 678 2392 736 nisi
2431 680 2489 736 in

364 776 472 835 illo
511 775 853 833 innocentia
893 775 1004 844 sit,
1059 790 1197 830 nam
1233 773 1467 832 coelum
1515 790 1633 832 non
1679 780 1770 833 est
1806 777 1866 833 in
1903 775 2102 851 aliquo
2138 780 2489 854 priusquam

361 878 426 936 in
472 875 578 935 illo
634 874 1015 950 conjunctum
1057 880 1147 932 est
1192 891 1401 932 verum
1436 874 1626 949 bono,
1688 875 1826 934 inde
1865 877 2200 953 conjunctio
2246 881 2373 937 veri
2429 887 2490 938 ct

362 977 507 1036 boni
558 982 809 1035 vocatur
858 976 1201 1052 conjugium
1240 975 1534 1049 coeleste,
1592 983 1652 1034 et
1704 978 2041 1054 conjugium
2098 979 2359 1039 coeleste
2398 987 2525 1039 est·

366 1077 636 1138 Coelum.
703 1075 1066 1134 Informatus
1113 1078 1293 1135 etiam
1328 1093 1492 1151 sum,
1552 1077 1709 1151 quod
1751 1095 1915 1136 amor
1947 1095 2090 1137 vere
2138 1080 2489 1156 conjugialis

364 1177 547 1237 ducat
584 1182 775 1236 suam'
806 1179 1181 1237 existentiam
1226 1195 1301 1237 ex
1337 1179 1705 1253 innocentia,
1766 1180 1903 1254 quia
1953 1158 2027 1237 ex
2078 1180 2488 1257 conjunctiOne

361 1278 503 1338 boni
534 1285 595 1338 et
628 1280 783 1351 veri,
821 1280 881 1335 in
911 1296 1029 1354 qua
1063 1285 1203 1337 sunt
1238 1279 1416 1337 binae
1454 1284 1706 1353 menteS‚
1748 1297 1963 1357 nempe
2001 1283 2195 1339 mariti
2235 1288 2293 1340 et
2331 1300 2484 1340 uxo-

361 1382 466 1455 ris,
505 1397 661 1456 quae
699 1380 1036 1455 conjunctio
1075 1396 1210 1453 cum
1239 1380 1576 1449 descendit,
1612 1381 1842 1439 sistitur
1873 1381 1987 1440 sub
2024 1385 2229 1457 specie
2268 1385 2485 1440 amoris

364 1481 754 1558 conjugialis3
812 1499 950 1537 nam
988 1463 1303 1558 conjugeS,
1361 1483 1518 1540 sicut
1568 1489 1797 1541 mentes
1850 1500 2080 1556 eorum,
2155 1500 2222 1542 se
2274 1490 2484 1543 mutuo

362 1589 592 1641 amant:
649 1581 786 1640 inde
839 1588 931 1639 est
976 1581 1145 1640 lusus
1186 1585 1341 1641 sicut
1374 1583 1658 1640 infantiae
1698 1590 1756 1643 et
1808 1585 1965 1644 sicut
2015 1586 2388 1643 innocentiae
2425 1587 2496 1643 in¹

368 1700 567 1742 amore
603 1681 925 1759 conjugiali
956 1680 1039 1764 (1)

528 1787 684 1843 282.
742 1783 899 1859 Quia
934 1783 1282 1843 Innocentia
1322 1791 1415 1843 est
1448 1788 1649 1860 ipsum
1675 1786 1826 1843 Esse
1855 1786 1995 1844 boni
2030 1786 2191 1861 apud
2221 1786 2485 1862 Angelos

370 1883 567 1958 Coeli,
619 1890 786 1960 patet
828 1885 988 1960 quod
1029 1885 1311 1945 Divinum
1358 1885 1592 1944 Bonum
1645 1885 1982 1962 procedens
2034 1904 2070 1944 a
2116 1886 2371 1944 Domino
2411 1888 2488 1944 sit

367 1987 504 2063 ipsa
535 1984 902 2055 Innocentia,
939 2004 1075 2044 nam
1113 1986 1173 2044 id
1199 1985 1435 2044 Bonum
1474 1990 1568 2044 est
1604 1985 1760 2062 quod
1790 1986 1982 2044 influit
2010 1985 2171 2062 apud
2197 1986 2483 2062 Angelos,

364 2090 427 2145 et
458 2085 640 2146 afficit
678 2085 917 2144 illorum
963 2089 1200 2161 intima,
1258 2104 1330 2145 ac
1371 2087 1631 2163 disponit
1669 2094 1730 2146 et
1776 2087 2024 2164 adaptat
2072 2086 2150 2144 ad
2184 2089 2486 2162 recipien-

358 2187 499 2247 dum
540 2204 715 2246 omne
753 2186 974 2246 bonum
1012 2188 1198 2265 coeli3
1254 2188 1526 2247 similiter
1564 2187 1631 2246 fit
1676 2188 1836 2265 apud
1880 2189 2146 2248 Infantes
2159 2233 2175 2262 ,
2234 2206 2486 2265 quorum

355 2291 644 2348 interiora
704 2306 814 2364 per
860 2290 1257 2347 transfluxum
1303 2270 1691 2349 Innocentiae
1747 2307 1784 2347 a
1836 2291 2092 2350 Domino
2139 2307 2258 2348 non
2310 2290 2486 2348 modo

357 2389 719 2463 formantur,
774 2389 885 2463 sed
926 2392 1102 2449 etiam
1142 2393 1419 2449 continue
1470 2390 1831 2466 adaptantur
1882 2400 1941 2450 et
1977 2392 2370 2466 disponuntur
2409 2391 2485 2448 ad

355 2490 766 2569 recipiendum
813 2490 1035 2549 bonum
1083 2493 1302 2563 amoris
1356 2489 1673 2561 coelestiS,
1729 2494 2008 2566 quoniam
2056 2489 2272 2550 bonum
2310 2494 2485 2549 inno—

357 2596 593 2653 centiae
624 2593 700 2651 ab
741 2595 947 2652 intimo
985 2595 1141 2670 agit,
1196 2599 1290 2653 est
1328 2594 1516 2664 enim,
1573 2597 1638 2650 ut
1675 2592 1894 2650 dictum
1934 2600 2056 2666 est,
2111 2592 2265 2650 Esse
2295 2593 2487 2649 omnis

355 2693 527 2754 boni:
584 2712 663 2752 ex
709 2693 804 2753 his
856 2702 1131 2753 constare
1181 2699 1415 2770 potest,
1474 2693 1632 2769 quod
1688 2695 1877 2751 omnis
1928 2694 2277 2752 Innocentia
2322 2694 2402 2750 sit
2449 2710 2487 2749 a

353 2795 643 2854 Domino:
700 2795 838 2854 inde
888 2802 1012 2865 est,
1067 2795 1224 2870 quod
1259 2794 1554 2852 Dominus
1604 2796 1666 2852 in
1712 2792 1918 2854 Verbo
1972 2795 2204 2854 dicatur
2247 2794 2480 2871 AgnuS,

356 2914 495 2956 nam
547 2896 761 2974 Agnus
820 2896 1115 2974 significat
1161 2896 1569 2955 Innocentiam
1608 2890 1737 2977 (m).
1817 2894 1974 2973 Quia
2006 2897 2356 2956 Innocentia
2393 2901 2488 2956 cst

376 3072 537 3083 u--m
548 3071 781 3080 ..h—...0-

512 3170 585 3236 (1)
642 3168 809 3234 Quod
854 3186 1018 3221 amor
1059 3187 1197 3222 vere
1243 3168 1588 3241 coniugialis
1644 3170 1720 3222 sit
1767 3169 2126 3232 innocentia,
2188 3187 2253 3219 n:
2313 3176 2481 3227 2736.

358 3243 523 3309 Quod
565 3262 731 3298 amor
772 3245 1115 3316 coniugialis
1158 3246 1231 3299 sit
1270 3246 1421 3298 velle
1477 3245 1632 3317 quod
1688 3244 1867 3309 alter,
1942 3246 2019 3298 ita
2061 3254 2261 3297 mutuo
2305 3254 2361 3297 et
2403 3246 2482 3296 vi-

352 3320 580 3384 cissim,
623 3339 691 3373 n:
735 3329 903 3381 2731.
987 3320 1151 3387 Quod
1193 3322 1291 3394 qui
1337 3322 1395 3373 in
1441 3338 1639 3375 amore
1684 3321 1994 3392 conjugiali
2039 3330 2202 3384 eunt,
2254 3319 2313 3371 in
2356 3319 2484 3371 inti-

351 3398 464 3449 mis
505 3397 659 3450 vitae
699 3397 1069 3462 cohabitent,
1130 3415 1200 3452 n:
1263 3405 1431 3457 2732.
1536 3397 1703 3462 Quod
1744 3398 1817 3450 sit
1859 3397 1998 3448 unio
2041 3396 2282 3449 duarum
2327 3411 2482 3445 men·

353 3474 532 3537 tium,
578 3484 635 3526 et
676 3474 756 3527 sic
799 3484 861 3527 ut
905 3492 971 3527 ex
1013 3491 1210 3526 amore
1252 3492 1427 3534 unum
1474 3474 1619 3537 sint,
1665 3492 1730 3524 n:
1777 3474 1983 3532 1016’8.
2031 3478 2234 3531 10169.
2310 3467 2481 3546 Quod

353 3566 521 3601 amor·
561 3567 700 3603 ver-c
758 3547 1103 3623 conjugiah‘s
1157 3550 1328 3602 ducat
1388 3550 1676 3621 originem
1732 3558 1787 3601 et
1829 3548 2130 3601 essentiam
2175 3564 2240 3599 ex
2285 3543 2483 3612 conju-

355 3624 454 3696 gio
494 3625 635 3677 honi
679 3637 736 3679 ct
779 3626 934 3688 veri,
998 3644 1065 3679 n:
1109 3633 1279 3685 2728.
1323 3633 1492 3684 2729.
1576 3627 1660 3676 De
1703 3624 2007 3696 spiritibus
2049 3621 2340 3692 Angelicis
2382 3622 2482 3693 qui

352 3702 793 3772 perceptionem
835 3702 1080 3765 habent,
1123 3720 1259 3754 num
1302 3702 1375 3754 sit
1401 3700 1750 3770 coniugiale,
1795 3717 1862 3752 ex
1888 3699 2015 3752 idea
2054 3697 2482 3766 conjunctionis

346 3776 491 3830 boni
536 3787 593 3829 et
638 3778 800 3842 veri,
862 3796 931 3831 n:
990 3787 1199 3839 10756.
1282 3775 1453 3854 Quod
1506 3792 1671 3828 amor
1724 3774 2068 3846 coniugialis
2127 3791 2185 3826 se
2240 3792 2482 3846 prorsus

356 3853 628 3908 similiter
667 3854 908 3917 habeat,
957 3856 1105 3907 sicut
1147 3851 1482 3920 conjunctio
1524 3850 1664 3903 boni
1709 3862 1764 3904 et
1798 3853 1946 3912 veri,
1990 3869 2058 3904 uz
2106 3859 2273 3912 1904.
2311 3859 2481 3911 2173.

292 3955 309 3961 ·
351 3936 520 3990 2429.
565 3938 734 3990 2503.
779 3938 952 3992 3101.
998 3939 1168 3991 3102.
1213 3937 1382 3990 3155.
1439 3934 1609 3987 3179.
1667 3935 1838 3988 3180.
1882 3936 2051 3988 4358.
2098 3935 2266 3989 5407.
2313 3935 2479 3988 5835.

349 4013 520 4067 9206.
549 4015 733 4067 9207.
777 4015 947 4068 9495.
1000 4015 1170 4068 9637.
1255 4003 1420 4069 Quod
1463 4002 1596 4057 idco
1639 4003 1699 4057 in
1741 4004 1943 4059 Verbo
1986 4022 2092 4076 per
2134 4003 2482 4077 conjugium

350 4082 711 4152 intelligatur
739 4082 1072 4156 conjugium
1106 4081 1247 4136 boni
1279 4091 1337 4135 et
1362 4082 1510 4143 veri,
1556 4080 1725 4153 quale
1768 4090 1853 4135 cst
1894 4081 1951 4133 in
1994 4080 2182 4145 coelo,
2228 4090 2284 4133 et
2313 4080 2482 4152 quale

350 4158 464 4212 erit
504 4159 564 4211 in
604 4159 891 4224 Ecclesia,
933 4177 990 4212 n:
1033 4167 1202 4219 3132.
1247 4164 1414 4219 4434.
1458 4165 1626 4219 4834.

502 4235 613 4300 (m)
670 4236 841 4312 Quod
894 4237 1091 4308 Agnus
1132 4236 1191 4288 in
1237 4234 1435 4290 Verbo
1491 4233 1779 4306 significet
1821 4235 2214 4287 innocentiam
2260 4241 2316 4285 et
2357 4232 2480 4299 ejus

346 4309 601 4376 honum,
647 4329 719 4366 n:
767 4319 938 4374 3994.
986 4320 1191 4373 10132.
