3013 5114
642 416 751 467 356
1237 402 1331 457 DE
1375 400 1611 456 COELO
1652 399 1747 454 ET
1786 398 2126 455 INFERNO.

639 565 895 638 habent,
940 569 1001 623 et
1043 564 1104 620 in
1150 577 1299 636 quos
1343 560 1478 620 odio
1522 567 1582 620 et
1617 560 1879 620 vindicta
1914 560 2197 636 flagrant,
2254 564 2627 636 quapropter
2655 560 2771 638 ju-

640 663 899 726 cundum
950 667 1111 722 vitae
1175 679 1384 721 eorum
1444 669 1538 722 est
1594 660 1752 721 velle
1820 660 2133 720 destruere
2196 666 2258 719 st
2317 658 2632 730 occidere,
2709 657 2774 719 et

639 769 925 843 quantum
969 781 1088 823 non
1141 762 1255 822 hoc
1300 768 1584 839 possunt,
1649 760 1807 820 velle
1862 760 2144 820 damnum
2190 760 2442 834 inferre,
2516 777 2771 832 nocere,

534 902 541 910 ·
638 871 700 925 et
746 866 1001 925 saevire.
1089 865 1263 923 Haec
1298 870 1440 922 sunt
1476 879 1635 940 quas
1668 861 2082 938 intelliguntur
2118 879 2230 939 per
2254 860 2465 937 Ignem
2500 862 2561 919 in
2596 861 2771 922 Ver-

636 966 713 1025 bo
728 1009 745 1039 ,
811 965 915 1024 ubi
964 964 1039 1024 de
1076 964 1252 1022 malis
1295 969 1355 1022 st
1395 963 1469 1023 de
1516 963 1762 1022 infernis
1814 965 2068 1038 agitur,
2100 980 2174 1021 ex
2221 978 2339 1038 quo
2385 961 2590 1038 aliqua
2627 962 2775 1022 loca

637 1065 714 1125 ad
753 1065 1260 1126 confirmationem
1295 1065 1475 1124 veIIm
1504 1063 1746 1122 afferre:
1801 1105 1838 1136 „
1857 1059 2302 1141 Unusquisque
2327 1060 2673 1141 hypocrita
2708 1067 2772 1123 et

635 1163 1025 1239 malitiosus,
1062 1172 1123 1227 et
1147 1182 1324 1224 omne
1349 1183 1421 1224 os
1445 1162 1702 1243 loquens
1733 1159 2107 1237 stultitiam,
2137 1162 2293 1241 quia
2312 1161 2571 1242 flayrat
2591 1164 2776 1224 sicut

635 1267 816 1348 iynis
853 1262 1146 1335 malitia,
1182 1264 1552 1325 senticetum
1586 1269 1646 1323 et
1682 1267 2001 1342 vepretum
2033 1261 2333 1338 comedit,
2380 1269 2441 1323 et
2477 1262 2773 1325 incendit

636 1364 923 1447 impleoea
959 1363 1208 1445 sylvae,
1249 1371 1309 1425 et
1360 1363 1603 1425 elevant
1638 1383 1705 1424 se
1748 1360 2018 1424 elatione
2041 1363 2224 1443 sumi
2241 1407 2259 1437 ,
2310 1370 2371 1424 et
2392 1365 2630 1444 sactus
2671 1369 2773 1424 est

622 1463 911 1546 populus
938 1465 1113 1527 cibus
1147 1465 1342 1544 iynis,
1379 1465 1481 1526 vir
1502 1465 1717 1544 fratri
1749 1483 1865 1524 suo
1890 1484 2017 1525 uon
2034 1470 2320 1543 parcent,
2334 1468 2371 1499 “
2408 1467 2586 1526 Esai:
2625 1466 2764 1526 IX:

636 1556 808 1654 [16]
846 1570 952 1624 1⁷.
992 1568 1100 1624 18.
1162 1564 1402 1641 „Dabo
1427 1564 1746 1647 prodiyia
1790 1563 1862 1624 in
1899 1561 2082 1625 Coelo
2116 1571 2177 1626 et
2223 1564 2294 1625 in
2340 1572 2543 1641 terra,
2602 1586 2767 1627 san-

634 1666 920 1746 quinem,
976 1670 1036 1724 et
1072 1663 1101 1724 i
1099 1684 1315 1746 quem,
1370 1672 1430 1727 et
1477 1662 1804 1728 columnas
1827 1665 2012 1744 sumi
2023 1711 2041 1741 ,
2096 1663 2196 1726 sol
2240 1671 2514 1728 vertetur
2552 1665 2628 1729 in
2672 1674 2766 1729 te-

632 1766 927 1841 nebras,“
981 1766 1120 1826 Joel
1155 1766 1279 1825 111:
1328 1768 1391 1826 3.
1426 1770 1489 1826 4.
1575 1765 1783 1843 „Erit
1831 1770 2004 1828 terra
2051 1765 2122 1826 in
2162 1768 2372 1845 picem
2410 1765 2765 1843 ardentem,

632 1874 808 1928 nocte
840 1874 900 1928 et
935 1866 1041 1929 die
1074 1885 1198 1927 non
1232 1866 1698 1948 exstinquetur‚
1742 1866 1813 1927 in
1847 1872 2172 1928 aeternum
2205 1867 2499 1930 ascendet
2518 1869 2767 1948 sumus

634 1968 843 2050 ejus,“
897 1968 1073 2027 Esai:
1124 1968 1436 2028 XXXIV:
1489 1973 1549 2028 ff.
1599 1971 1708 2027 10.
1787 1967 2004 2043 „Ecce
2041 1966 2181 2028 dies
2233 1968 2486 2029 veniens
2520 1968 2766 2030 ardens

634 2069 802 2128 sicut
834 2069 1086 2147 furnus
1106 2112 1121 2141 ,
1186 2075 1245 2128 et
1290 2073 1474 2128 erunt
1524 2087 1736 2128 omnes
1780 2068 2062 2148 superbi,
2129 2073 2193 2151 ,et
2247 2068 2459 2130 omnis
2497 2069 2762 2149 faciens

631 2164 957 2227 malitiam
992 2164 1273 2245 stipula,
1329 2174 1389 2226 et
1428 2167 1858 2246 inflammabit
1904 2187 2009 2229 eos
2061 2167 2202 2229 dies
2241 2169 2512 2245 veniens,
2526 2173 2565 2203 ‘⁶'
2621 2170 2759 2229 Ma-

631 2266 799 2325 lach:
849 2266 972 2325 111:
1027 2270 1054 2324 1
1077 2269 1135 2323 9.
1213 2264 1563 2347 „Babylon
1602 2269 1794 2348 sacta
1860 2276 1956 2331 est
2006 2267 2443 2331 habitaculum
2494 2270 2758 2331 daemo-

630 2384 784 2427 num
797 2410 813 2440 ,
878 2362 1239 2427 clamabant
1281 2366 1565 2429 videntes
1592 2369 1858 2448 sumum
1906 2370 2359 2431 combustionis
2409 2370 2547 2453 ejus
2562 2416 2581 2447 ,
2633 2371 2758 2452 su-

631 2486 779 2529 mus
826 2467 1115 2528 ascendit
1152 2467 1223 2528 in
1275 2466 1532 2532 saecula
1587 2467 2054 2546 saeculorum,“
2109 2473 2315 2549 Apoc:
2368 2472 2591 2532 XVIII
2610 2493 2627 2531 :
2694 2475 2757 2530 2.

643 2571 751 2628 18.
804 2568 964 2646 Cap:
1004 2567 1185 2631 XIX:
1238 2573 1298 2630 3.
1367 2569 1693 2652 „Aperuit
1714 2577 1984 2651 puteum
2024 2574 2276 2654 abyssi,
2333 2571 2502 2635 unde
2533 2590 2758 2634 ascen-

633 2667 735 2729 dit
755 2669 995 2748 sumus
1033 2688 1066 2727 e
1093 2678 1319 2749 putee,
1374 2672 1545 2733 sicut
1580 2672 1807 2749 fumus
1845 2674 2147 2753 fornacis
2181 2692 2481 2753 mayuae,
2545 2678 2611 2733 et
2653 2672 2759 2734 ob-

632 2774 933 2830 scuratus
981 2774 1077 2829 est
1133 2769 1232 2832 sol
1241 2816 1259 2846 ,
1340 2777 1399 2832 et
1452 2779 1568 2833 aer
1617 2790 1649 2831 e
1682 2772 1875 2851 sumo
1919 2774 2118 2853 putei,
2133 2777 2166 2808 “
2237 2774 2441 2850 Apoc:
2498 2774 2628 2835 IX:
2694 2777 2752 2832 2.

632 2866 800 2943 „Em
843 2887 947 2929 ore
993 2889 1290 2948 equorum
1337 2872 1541 2934 exivit
1585 2873 1612 2934 i
1612 2872 1767 2951 quis
1782 2918 1799 2948 ,
1861 2874 2126 2953 sumus,
2199 2881 2262 2935 et
2307 2871 2580 2953 sulphur
2599 2894 2628 2946 ;
2680 2873 2757 2934 ab

630 2965 738 3028 his
779 2967 975 3028 occisi
1017 2977 1170 3031 suut
1211 2973 1404 3034 tertia
1436 2992 1605 3052 pars
1647 2972 1991 3051 hominum,
2041 2976 2119 3035 ab
2162 2973 2343 3053 ique,
2382 2981 2444 3035 et
2480 2993 2524 3034 a
2542 2976 2756 3055 sume,
2857 2961 2861 2968 ⁴

629 3070 692 3125 et
725 3083 769 3126 a
803 3063 1125 3145 sulphure,
1139 3072 1175 3103 “
1218 3064 1424 3148 Apoc:
1473 3072 1598 3133 IX:
1647 3077 1677 3132 1
1699 3079 1756 3133 7.
1793 3077 1903 3135 18.
1985 3074 2173 3151 „Qui
2198 3074 2433 3146 adorat
2466 3075 2750 3150 bestiam,

631 3164 790 3226 bibet
835 3185 915 3227 ecc
962 3166 1108 3227 vino
1149 3168 1287 3230 irae
1322 3171 1463 3233 Dei
1498 3172 1707 3234 miccto
1748 3192 1918 3236 mero
1969 3175 2040 3237 in
2087 3174 2283 3237 calice
2325 3175 2464 3237 irae
2508 3175 2751 3256 Ipsius,

632 3270 693 3327 et
759 3267 1147 3330 cruciabitur
1208 3270 1357 3351 ique
1417 3278 1477 3332 et
1538 3270 1933 3351 sulphure,“
2014 3277 2214 3353 Apoc:
2271 3277 2456 3337 XIV:
2519 3281 2577 3336 9.
2647 3280 2755 3337 10.

636 3366 984 3445 „Quartus
1044 3368 1337 3452 Auyelus
1389 3352 1619 3452 effudit
1667 3373 1968 3453 phialam
2022 3395 2210 3437 suam
2269 3375 2342 3437 in
2393 3373 2619 3453 solem,
2696 3379 2755 3435 et

634 3468 863 3531 datum
905 3478 1000 3533 est
1050 3469 1159 3533 illi
1196 3478 1378 3535 aestu
1427 3474 1697 3536 adurere
1752 3474 2033 3537 homines
2066 3496 2187 3555 per
2233 3476 2260 3536 i
2261 3495 2478 3556 quem,
2542 3477 2753 3557 itaque

631 3576 1081 3634 aestuaverunt
1103 3572 1386 3636 homines
1413 3580 1599 3637 aestu
1622 3578 1924 3656 ma9n0,“
1956 3576 2129 3637 XVI:
2170 3567 2387 3665 [8.].9.
2426 3575 2753 3660 „Conjecti

634 3675 787 3728 suut
824 3670 896 3731 in
935 3659 1240 3753 stagjnum
1284 3675 1520 3737 ardeus
1561 3675 1711 3756 ique
1758 3682 1819 3737 et
1863 3672 2197 3756 sulphure,
2224 3679 2262 3711 ‘⁶‘
2311 3678 2515 3755 Apoc:
2561 3677 2750 3738 XIX:

638 3768 751 3826 20.
805 3768 965 3847 Cap:
1001 3773 1162 3833 XX:
1213 3777 1471 3836 14.15.
1527 3776 1686 3854 Cap:
1728 3776 1913 3836 XXI:
1959 3780 2020 3837 8.
2096 3774 2374 3851 „Omnis
2415 3778 2750 3840 arbor-non

621 3863 879 3945 faciens
890 3861 1197 3951 fructum
1235 3875 1461 3935 bonum
1495 3876 1934 3952 eoescindetur,
1989 3884 2049 3939 et
2090 3875 2161 3937 iu
2205 3876 2419 3957 iqnem
2464 3877 2750 3960 conjicie-

635 3967 813 4040 twr‚“
849 3967 1071 4027 Matth:
1106 3969 1229 4029 III:
1282 3976 1387 4032 10.
1442 3975 1606 4034 Luc:
1634 3976 1757 4037 IH:
1803 3979 1863 4036 9.
1921 3975 2190 4052 „Mutet
2215 3975 2440 4040 Filius
2474 3976 2749 4039 hominis

634 4061 920 4145 Anyelos
962 4085 1146 4142 suos,
1208 4070 1323 4148 qui
1362 4069 1664 4151 colliyeut
1701 4095 1734 4134 e
1773 4076 2000 4156 Reyno
2040 4076 2268 4156 Ipsius
2304 4078 2519 4140 omnia
2556 4077 2746 4159 offen-

633 4162 884 4243 dicula,
941 4172 1001 4227 et
1044 4186 1148 4228 eos
1190 4169 1304 4249 qui
1328 4169 1594 4252 faciunt
1636 4173 2071 4254 iniquitatem,
2136 4182 2196 4237 et
2239 4166 2492 4241 mittent
2535 4197 2641 4239 eos
2682 4178 2749 4238 in

635 4263 976 4332 Caminum
1014 4267 1262 4353 iquis,“
1316 4271 1538 4333 Matth:
1584 4272 1770 4336 XIII:
1814 4279 1928 4336 41.
1971 4280 2083 4338 42.
2128 4279 2237 4338 50.
2331 4279 2532 4357 „Rex
2585 4277 2747 4341 dicet
