3013 5114
572 410 662 463 DE
708 409 969 497 TER'QO
1014 410 1246 465 STATU
1293 412 1588 467 HOMINIS
1631 413 1812 468 POST
1853 412 2176 469 MORTEM.
2338 428 2444 480 319

318 572 567 650 gulares
590 576 820 629 tantum
849 576 1232 647 praestantes
1259 578 1415 647 sunt,
1449 579 1734 651 quantum
1759 578 2012 652 propius
2042 582 2102 633 et
2136 576 2274 652 plus
2302 594 2448 656 spe-

319 678 483 733 ctant
524 672 692 730 illum
737 687 1139 746 communem,
1192 672 1330 732 ideo
1372 690 1579 734 omnes
1617 691 1764 734 usus
1801 675 2099 752 speciales
2138 683 2200 736 et
2232 681 2445 756 singu-

315 775 511 848 lares,
565 774 668 849 qui
700 769 1164 832 innumerabiles
1202 781 1369 847 sunt,
1426 775 1568 834 boni
1603 784 1662 834 et
1701 777 1999 836 coelestes
2036 784 2205 853 sunt3
2260 797 2446 856 quare

317 874 483 954 apud
529 876 986 949 unumquemvis
1039 875 1416 951 conjungitur
1474 876 1708 936 affectio
1763 878 1889 936 veri
1944 895 2078 937 cum
2133 878 2445 941 affectione

316 993 501 1045 usus,
553 962 704 1034 adeo
744 981 812 1032 ut
846 993 1031 1032 unum
1079 971 1295 1050 agant:
1354 994 1463 1052 per
1502 978 1565 1036 id
1601 978 1993 1055 implantatur
2038 997 2248 1039 verum
2284 985 2444 1054 usui,

319 1081 406 1139 sic
449 1082 518 1136 ut
567 1093 741 1146 vera,
805 1092 958 1151 quae
996 1075 1264 1150 discunt,
1323 1079 1444 1136 sint
1491 1094 1640 1136 usus
1691 1097 1861 1138 vera:
1931 1081 2019 1137 ita
2069 1081 2447 1142 instruuntur

318 1177 595 1256 Angelici
632 1179 916 1253 spirituS,
969 1186 1027 1235 et
1065 1185 1504 1253 praeparantur
1542 1179 1618 1237 ad
1655 1178 1923 1239 Coelum.
2007 1180 2264 1240 Affectio
2317 1184 2448 1242 veri

319 1279 728 1340 convenientis
757 1280 892 1336 usui
920 1280 1249 1335 insinuatur
1280 1296 1392 1355 per
1421 1282 1592 1338 varia
1621 1280 1833 1353 medIa,
1875 1299 2125 1357 quorum
2153 1281 2447 1359 pleraque

315 1384 524 1459 ignota
560 1386 703 1463 sunt
742 1381 805 1437 in
851 1378 1105 1456 mund03
1168 1380 1456 1455 imprimis
1506 1397 1618 1457 per
1656 1385 2172 1459 repraesentativa
2208 1399 2442 1459 usuum,

317 1498 475 1559 quae
508 1483 570 1540 in
606 1479 907 1557 spirituali
948 1480 1164 1540 mundo
1209 1483 1502 1540 sistuntur
1551 1481 1711 1541 mille
1755 1482 1945 1542 modis
1959 1528 1974 1557 ,
2033 1491 2092 1541 et
2134 1500 2265 1543 cum
2302 1483 2443 1543 tali-

316 1582 431 1641 bus
477 1582 699 1641 delitiis
738 1587 799 1639 et
834 1581 1326 1655 amaenitatibus,
1385 1587 1450 1639 ut
1492 1590 1811 1659 penetrent
1849 1586 2124 1659 spiritum
2167 1583 2242 1645 ab,
2284 1586 2447 1644 inte-

314 1682 573 1742 rioribus
613 1698 766 1757 quae
806 1688 944 1739 sunt
982 1683 1199 1740 mentis
1238 1682 1368 1758 ejus
1405 1681 1812 1749 adexteriora
1852 1701 2007 1761 quae
2041 1690 2183 1744 sunt
2229 1700 2446 1763 corpo·

316 1786 400 1844 ris
450 1784 612 1861 ejus,
670 1790 730 1842 et
779 1784 867 1841 sic
918 1782 1183 1840 afficiunt
1218 1789 1435 1858 totum3
1503 1783 1641 1842 inde
1677 1783 1744 1842 fit
1788 1787 2036 1861 spiritus
2081 1786 2255 1861 quasi
2296 1802 2444 1846 suus

315 1901 500 1944 usust
556 1891 924 1960 quapropter
953 1899 1087 1941 cum
1114 1885 1176 1940 in
1201 1884 1550 1942 societatem
1582 1900 1752 1943 suam
1784 1886 1980 1954 venit,
2016 1887 2078 1943 in
2116 1902 2292 1962 quam
2331 1903 2445 1962 per

312 1970 767 2045 instructionem
803 1985 1100 2054 initiatur,
1150 1985 1211 2042 in
1262 2000 1375 2042 sua
1409 1985 1533 2042 vita
1580 1990 1673 2042 est
1714 2000 1847 2043 eum
1895 1987 1956 2043 in
1993 2000 2105 2044 suo
2143 2003 2262 2044 usu
2293 1980 2442 2067 (aa).

314 2085 408 2146 Ex
460 2086 553 2145 his
601 2092 877 2144 constare
927 2091 1160 2161 potest,
1232 2083 1390 2161 quod
1435 2086 1843 2165 cognitiones,
1902 2103 2057 2163 quae
2110 2092 2249 2145 sunt
2302 2103 2448 2145 vera

318 2193 589 2258 externa,
627 2204 745 2245 non
780 2186 1018 2260 faciant,
1063 2192 1131 2244 ut
1174 2187 1304 2262 quis
1344 2187 1406 2244 in
1446 2185 1681 2246 coelum
1716 2189 1953 2261 veniat,
1993 2186 2105 2246 scd
2137 2188 2276 2265 ipsa
2301 2189 2442 2263 vita,

316 2305 476 2366 quae
517 2294 613 2347 est
646 2289 775 2360 vita
805 2303 987 2361 usus,
1037 2286 1225 2345 indita
1260 2305 1368 2364 per
1405 2288 1790 2364 cognitiones.

477 2390 651 2448 5181
711 2388 980 2446 Fuerunt
1035 2386 1331 2463 Spiritus,
1403 2390 1506 2462 qui
1560 2405 1632 2445 ex
1696 2390 2054 2464 cogitatione
2108 2389 2169 2445 in
2219 2386 2439 2448 mundo

315 2488 430 2547 sibi
477 2493 938 2565 persuaserunt,
995 2486 1155 2563 quod
1197 2488 1256 2544 in
1303 2486 1540 2545 coelum
1586 2489 1823 2546 venturi
1878 2492 2113 2561 essent,
2182 2492 2243 2545 et
2288 2504 2439 2564 prae

315 2589 452 2648 aliis
496 2589 934 2664 reciperentur,
986 2589 1127 2662 quia
1156 2586 1317 2644 docti
1357 2586 1631 2660 fuerunt,
1690 2592 1752 2644 et
1786 2589 2094 2646 sciverunt
2128 2587 2323 2646 multa
2364 2605 2442 2647 ex

315 2689 552 2763 Verbo,
611 2693 673 2746 et
709 2679 784 2745 ex
819 2684 1105 2746 doctrinis
1143 2686 1584 2760 Ecclesiarum,
1646 2686 1960 2746 credentes
1997 2688 2084 2746 sic
2127 2687 2289 2763 quod
2333 2704 2439 2747 sa-

319 2792 555 2870 pientes
595 2792 826 2862 essent,
885 2794 945 2847 et
993 2785 1153 2863 quod
1192 2787 1483 2847 intellecti
1535 2788 1654 2846 sint
1704 2803 1815 2863 per
1866 2787 2033 2862 illos,
2099 2788 2173 2848 de
2222 2788 2440 2865 quibus

316 2892 557 2964 dicitur,
624 2887 785 2966 quod
832 2885 1165 2968 fulyerent
1219 2886 1387 2948 sicut
1439 2884 1740 2966 splendor
1785 2886 2093 2968 expansi,
2163 2893 2225 2948 et
2272 2887 2443 2950 sieut

316 2988 567 3061 stellae,
620 2988 782 3066 apud
828 2989 1145 3049 Danielem
1199 2988 1362 3066 Gap:
1424 2988 1581 3048 XII:
1641 2991 1718 3048 3oe
1772 2988 1882 3048 sed
1933 2990 2229 3066 explorati
2276 2994 2435 3066 sunt,

316 3111 459 3153 num
507 3093 873 3170 cognitiones
916 3090 1156 3150 illorum
1208 3088 1542 3150 residerent
1587 3091 1648 3148 in
1689 3091 2007 3165 memoria,
2066 3091 2163 3150 vel
2204 3109 2344 3150 num
2376 3091 2441 3151 in

316 3197 477 3255 vita:
529 3194 618 3255 illi
655 3194 756 3270 qui
796 3194 856 3251 in
905 3191 1215 3251 affectione
1265 3193 1395 3251 veri
1436 3193 1698 3267 genuina
1733 3192 2002 3267 suerunt,
2040 3172 2143 3250 ’ita
2188 3197 2443 3269 propter

316 3311 465 3355 usus
502 3300 818 3372 separatos
856 3310 893 3351 a
928 3293 1236 3370 corp-oreis
1278 3298 1340 3352 et
1375 3290 1720 3361 mundanis,
1772 3295 1876 3368 qui
1910 3294 1970 3350 in
2006 3308 2074 3350 se
2110 3298 2250 3349 sunt
2289 3306 2439 3350 usus

317 3395 697 3473 spiritualeS,
757 3400 1076 3472 postquam
1129 3394 1407 3470 instructi
1456 3398 1625 3467 sunt,
1681 3394 1859 3451 etiam
1906 3392 2136 3467 recepti
2195 3396 2336 3449 sunt
2378 3391 2441 3449 in

475 3623 593 3688 (aa)
637 3622 803 3687 Quod
844 3640 1013 3675 omne
1053 3622 1273 3676 honum
1303 3639 1466 3675 suum
1508 3618 1823 3689 jucundum
1859 3619 2070 3673 haheat
2109 3637 2176 3673 cx
2217 3618 2438 3685 usibus,

320 3708 380 3753 et
419 3698 731 3753 secundum
774 3715 940 3760 usus,
1005 3707 1062 3751 et
1115 3714 1349 3769 quoque
1392 3714 1556 3750 suum
1611 3695 1813 3768 quale,
1878 3695 2010 3747 inde
2064 3695 2250 3767 qualis
2304 3714 2440 3751 usus

321 3775 436 3829 tale
478 3776 731 3838 bonum,
786 3790 857 3828 nx
902 3780 1069 3833 3049.
1116 3781 1282 3834 4984.
1329 3780 1498 3832 7038.
1583 3770 1756 3859 Quod
1796 3771 1913 3824 vita
1955 3773 2214 3844 angelica
2253 3773 2440 3826 consi-

318 3863 429 3907 stat
470 3852 528 3903 in
553 3851 726 3904 bonis
767 3850 984 3902 amoris
1025 3859 1080 3901 et
1124 3848 1438 3911 charitatis,
1483 3848 1561 3901 ita
1605 3865 1664 3898 ιιι
1704 3846 1906 3900 usibus
1944 3848 2324 3919 praestandis,
2367 3866 2440 3902 ιιι

318 3935 448 3991 453.
530 3927 701 4006 Quod
752 3944 785 3980 a
840 3925 1122 3988 Domino,
1187 3924 1419 3984 etsinde
1471 3924 1544 3976 ab
1600 3925 1868 3996 Angelis,
1934 3941 2052 3976 ιιοιι
2106 3934 2443 3998 spectentur

318 4004 429 4057 nisi
464 4004 636 4066 fines,
682 4002 781 4076 qui
826 4011 957 4055 sunt
996 4019 1162 4065 usus,
1205 4000 1357 4072 apud
1399 3999 1712 4063 hominem,
1755 4018 1822 4052 n:
1870 4008 2038 4060 1317.
2069 4009 2237 4062 1645.
2271 4008 2441 4062 5854.

320 4079 485 4145 Quod
529 4082 785 4151 Regnum
829 4077 1062 4131 Domini
1107 4077 1180 4130 sit
1221 4079 1482 4148 Regnum
1524 4093 1759 4141 usuum,
1803 4093 1870 4128 n:
1916 4083 2048 4137 453.
2093 4086 2222 4137 696.
2269 4085 2441 4137 1103.

322 4163 489 4217 3645.
533 4164 701 4217 4054.
745 4163 913 4214 7038.
1001 4152 1166 4219 Quod
1221 4152 1444 4207 servire
1499 4152 1748 4204 Domino
1803 4153 1878 4204 sit
1930 4170 2067 4206 usus
2121 4163 2441 4225 praestare,

319 4251 389 4285 n:
435 4239 606 4292 7038.
706 4231 877 4307 Quod
917 4232 1091 4286 horno
1135 4230 1264 4284 talis
1305 4229 1409 4293 sit,
1467 4229 1667 4299 quales
1708 4240 1839 4280 sunt
1880 4246 2017 4282 usus
2058 4229 2212 4300 apud
2254 4229 2441 4292 illum,

318 4320 389 4362 nt
439 4315 606 4368 1568.
646 4314 811 4369 3570.
850 4314 1018 4369 4054.
1056 4315 1225 4367 6571.
1267 4311 1433 4366 6934.
1482 4312 1650 4366 6938.
1694 4310 1902 4365 10284.
