<?xml version="1.0" encoding="UTF-8"?>
<!DOCTYPE html PUBLIC "-//W3C//DTD XHTML 1.0 Transitional//EN"
    "http://www.w3.org/TR/xhtml1/DTD/xhtml1-transitional.dtd">
<html xmlns="http://www.w3.org/1999/xhtml" xml:lang="en" lang="en">
 <head>
  <title>
</title>
<meta http-equiv="Content-Type" content="text/html;charset=utf-8" />
  <meta name='ocr-system' content='tesseract 3.04.00' />
  <meta name='ocr-capabilities' content='ocr_page ocr_carea ocr_par ocr_line ocrx_word'/>
</head>
<body>
  <div class='ocr_page' id='page_1' title='image "./decoeloetejusmi00tafegoog_0018.png"; bbox 0 0 3013 5114; ppageno 0'>
   <div class='ocr_carea' id='block_1_1' title="bbox 574 397 2067 457">
    <p class='ocr_par' dir='ltr' id='par_1_1' title="bbox 574 397 2067 457">
     <span class='ocr_line' id='line_1_1' title="bbox 574 397 2067 457; baseline -0.003 0"><span class='ocrx_word' id='word_1_1' title='bbox 574 408 642 457; x_wconf 75' lang='lat'>12</span> <span class='ocrx_word' id='word_1_2' title='bbox 1189 397 1283 450; x_wconf 87' lang='lat' dir='ltr'>DE</span> <span class='ocrx_word' id='word_1_3' title='bbox 1326 397 1560 452; x_wconf 86' lang='lat' dir='ltr'>COELO</span> <span class='ocrx_word' id='word_1_4' title='bbox 1603 397 1697 451; x_wconf 89' lang='lat' dir='ltr'>ET</span> <span class='ocrx_word' id='word_1_5' title='bbox 1735 397 2067 453; x_wconf 77' lang='lat' dir='ltr'>INFERNO.</span> 
     </span>
    </p>
   </div>
   <div class='ocr_carea' id='block_1_2' title="bbox 564 551 2686 1737">
    <p class='ocr_par' dir='ltr' id='par_1_2' title="bbox 564 551 2686 1737">
     <span class='ocr_line' id='line_1_2' title="bbox 566 551 2685 636; baseline 0.001 -20"><span class='ocrx_word' id='word_1_6' title='bbox 566 555 776 635; x_wconf 86' lang='lat' dir='ltr'>perfici</span> <span class='ocrx_word' id='word_1_7' title='bbox 803 554 878 613; x_wconf 87' lang='lat' dir='ltr'>ab</span> <span class='ocrx_word' id='word_1_8' title='bbox 912 554 1031 612; x_wconf 91' lang='lat' dir='ltr'>illis</span> <span class='ocrx_word' id='word_1_9' title='bbox 1071 551 1218 636; x_wconf 84' lang='lat' dir='ltr'>(cc):</span> <span class='ocrx_word' id='word_1_10' title='bbox 1276 557 1434 632; x_wconf 92' lang='lat' dir='ltr'>quod</span> <span class='ocrx_word' id='word_1_11' title='bbox 1471 560 1649 617; x_wconf 90' lang='lat' dir='ltr'>etiam</span> <span class='ocrx_word' id='word_1_12' title='bbox 1690 565 1893 617; x_wconf 88' lang='lat' dir='ltr'>notum</span> <span class='ocrx_word' id='word_1_13' title='bbox 1933 564 2027 618; x_wconf 88' lang='lat' dir='ltr'>est</span> <span class='ocrx_word' id='word_1_14' title='bbox 2063 559 2302 634; x_wconf 90' lang='lat' dir='ltr'>homini,</span> <span class='ocrx_word' id='word_1_15' title='bbox 2342 577 2476 617; x_wconf 86' lang='lat' dir='ltr'>nam</span> <span class='ocrx_word' id='word_1_16' title='bbox 2516 578 2685 619; x_wconf 85' lang='lat' dir='ltr'>amor</span> 
     </span>
     <span class='ocr_line' id='line_1_3' title="bbox 568 655 2681 738; baseline 0.002 -23"><span class='ocrx_word' id='word_1_17' title='bbox 568 657 732 734; x_wconf 90' lang='lat' dir='ltr'>apud</span> <span class='ocrx_word' id='word_1_18' title='bbox 767 655 932 713; x_wconf 91' lang='lat' dir='ltr'>illum</span> <span class='ocrx_word' id='word_1_19' title='bbox 982 658 1155 731; x_wconf 90' lang='lat' dir='ltr'>quasi</span> <span class='ocrx_word' id='word_1_20' title='bbox 1201 659 1442 733; x_wconf 79' lang='lat' dir='ltr'>inspicit</span> <span class='ocrx_word' id='word_1_21' title='bbox 1488 665 1548 717; x_wconf 91' lang='lat' dir='ltr'>et</span> <span class='ocrx_word' id='word_1_22' title='bbox 1588 658 1787 717; x_wconf 91' lang='lat' dir='ltr'>haurit</span> <span class='ocrx_word' id='word_1_23' title='bbox 1824 678 1898 718; x_wconf 84' lang='lat' dir='ltr'>ex</span> <span class='ocrx_word' id='word_1_24' title='bbox 1942 658 2124 718; x_wconf 91' lang='lat' dir='ltr'>rebus</span> <span class='ocrx_word' id='word_1_25' title='bbox 2175 663 2497 721; x_wconf 82' lang='lat' dir='ltr'>memoriae</span> <span class='ocrx_word' id='word_1_26' title='bbox 2547 663 2681 738; x_wconf 89' lang='lat' dir='ltr'>ejus</span> 
     </span>
     <span class='ocr_line' id='line_1_4' title="bbox 568 757 2684 836; baseline 0.001 -20"><span class='ocrx_word' id='word_1_27' title='bbox 568 759 767 816; x_wconf 91' lang='lat' dir='ltr'>omnia</span> <span class='ocrx_word' id='word_1_28' title='bbox 803 773 958 831; x_wconf 90' lang='lat' dir='ltr'>quae</span> <span class='ocrx_word' id='word_1_29' title='bbox 996 757 1386 832; x_wconf 79' lang='lat' dir='ltr'><strong>concordant,</strong></span> <span class='ocrx_word' id='word_1_30' title='bbox 1442 776 1513 817; x_wconf 87' lang='lat' dir='ltr'>ac</span> <span class='ocrx_word' id='word_1_31' title='bbox 1562 759 1666 818; x_wconf 90' lang='lat' dir='ltr'>illa</span> <span class='ocrx_word' id='word_1_32' title='bbox 1701 759 1951 836; x_wconf 83' lang='lat' dir='ltr'>colligit,</span> <span class='ocrx_word' id='word_1_33' title='bbox 2010 765 2070 818; x_wconf 93' lang='lat' dir='ltr'>et</span> <span class='ocrx_word' id='word_1_34' title='bbox 2114 760 2375 836; x_wconf 81' lang='lat' dir='ltr'>disponit</span> <span class='ocrx_word' id='word_1_35' title='bbox 2409 764 2469 819; x_wconf 91' lang='lat' dir='ltr'>in</span> <span class='ocrx_word' id='word_1_36' title='bbox 2516 779 2582 820; x_wconf 92' lang='lat' dir='ltr'>se</span> <span class='ocrx_word' id='word_1_37' title='bbox 2622 769 2684 819; x_wconf 82' lang='lat' dir='ltr'>et</span> 
     </span>
     <span class='ocr_line' id='line_1_5' title="bbox 569 857 2678 937; baseline 0.002 -22"><span class='ocrx_word' id='word_1_38' title='bbox 569 857 682 916; x_wconf 87' lang='lat' dir='ltr'>sub</span> <span class='ocrx_word' id='word_1_39' title='bbox 721 873 819 930; x_wconf 89' lang='lat' dir='ltr'>se,</span> <span class='ocrx_word' id='word_1_40' title='bbox 874 858 947 914; x_wconf 92' lang='lat' dir='ltr'>in.</span> <span class='ocrx_word' id='word_1_41' title='bbox 970 872 1036 916; x_wconf 89' lang='lat' dir='ltr'>se</span> <span class='ocrx_word' id='word_1_42' title='bbox 1074 863 1141 915; x_wconf 93' lang='lat' dir='ltr'>ut</span> <span class='ocrx_word' id='word_1_43' title='bbox 1175 859 1293 915; x_wconf 92' lang='lat' dir='ltr'>sint</span> <span class='ocrx_word' id='word_1_44' title='bbox 1328 875 1473 929; x_wconf 88' lang='lat' dir='ltr'>sua,</span> <span class='ocrx_word' id='word_1_45' title='bbox 1511 877 1581 918; x_wconf 90' lang='lat' dir='ltr'>ac</span> <span class='ocrx_word' id='word_1_46' title='bbox 1619 860 1731 919; x_wconf 92' lang='lat' dir='ltr'>sub</span> <span class='ocrx_word' id='word_1_47' title='bbox 1767 877 1833 918; x_wconf 89' lang='lat' dir='ltr'>se</span> <span class='ocrx_word' id='word_1_48' title='bbox 1870 866 1937 917; x_wconf 91' lang='lat' dir='ltr'>ut</span> <span class='ocrx_word' id='word_1_49' title='bbox 1971 861 2085 919; x_wconf 90' lang='lat' dir='ltr'>sibi</span> <span class='ocrx_word' id='word_1_50' title='bbox 2118 862 2474 937; x_wconf 67' lang='lat' dir='ltr'>inserviant,</span> <span class='ocrx_word' id='word_1_51' title='bbox 2532 879 2678 921; x_wconf 86' lang='lat' dir='ltr'>cae-</span> 
     </span>
     <span class='ocr_line' id='line_1_6' title="bbox 567 958 2685 1038; baseline 0.002 -23"><span class='ocrx_word' id='word_1_52' title='bbox 567 963 700 1015; x_wconf 91' lang='lat' dir='ltr'>tera</span> <span class='ocrx_word' id='word_1_53' title='bbox 736 963 952 1030; x_wconf 83' lang='lat' dir='ltr'>autem,</span> <span class='ocrx_word' id='word_1_54' title='bbox 996 975 1149 1021; x_wconf 79' lang='lat' dir='ltr'>uuae</span> <span class='ocrx_word' id='word_1_55' title='bbox 1187 975 1303 1016; x_wconf 88' lang='lat' dir='ltr'>non</span> <span class='ocrx_word' id='word_1_56' title='bbox 1332 958 1709 1032; x_wconf 81' lang='lat' dir='ltr'>concordant,</span> <span class='ocrx_word' id='word_1_57' title='bbox 1750 961 1945 1036; x_wconf 89' lang='lat' dir='ltr'>rejicit</span> <span class='ocrx_word' id='word_1_58' title='bbox 1982 967 2041 1019; x_wconf 89' lang='lat' dir='ltr'>et</span> <span class='ocrx_word' id='word_1_59' title='bbox 2080 963 2449 1020; x_wconf 74' lang='lat' dir='ltr'>exterminat.</span> <span class='ocrx_word' id='word_1_60' title='bbox 2507 962 2685 1038; x_wconf 84' lang='lat' dir='ltr'>Quod</span> 
     </span>
     <span class='ocr_line' id='line_1_7' title="bbox 569 1058 2681 1136; baseline 0.002 -22"><span class='ocrx_word' id='word_1_61' title='bbox 569 1058 756 1115; x_wconf 89' lang='lat' dir='ltr'>amori</span> <span class='ocrx_word' id='word_1_62' title='bbox 790 1058 931 1114; x_wconf 91' lang='lat' dir='ltr'>insit</span> <span class='ocrx_word' id='word_1_63' title='bbox 967 1059 1155 1116; x_wconf 89' lang='lat' dir='ltr'>omnis</span> <span class='ocrx_word' id='word_1_64' title='bbox 1205 1059 1462 1119; x_wconf 82' lang='lat' dir='ltr'>facultas</span> <span class='ocrx_word' id='word_1_65' title='bbox 1514 1060 1840 1136; x_wconf 88' lang='lat' dir='ltr'>recipiendi</span> <span class='ocrx_word' id='word_1_66' title='bbox 1889 1078 2033 1119; x_wconf 84' lang='lat' dir='ltr'>vera</span> <span class='ocrx_word' id='word_1_67' title='bbox 2081 1061 2196 1118; x_wconf 89' lang='lat' dir='ltr'>sibi</span> <span class='ocrx_word' id='word_1_68' title='bbox 2247 1065 2681 1135; x_wconf 84' lang='lat' dir='ltr'>convenientia,</span> 
     </span>
     <span class='ocr_line' id='line_1_8' title="bbox 571 1157 2683 1237; baseline 0.003 -23"><span class='ocrx_word' id='word_1_69' title='bbox 571 1174 641 1215; x_wconf 88' lang='lat' dir='ltr'>ac</span> <span class='ocrx_word' id='word_1_70' title='bbox 680 1157 1038 1215; x_wconf 88' lang='lat' dir='ltr'>desiderium</span> <span class='ocrx_word' id='word_1_71' title='bbox 1095 1158 1198 1216; x_wconf 89' lang='lat' dir='ltr'>illa</span> <span class='ocrx_word' id='word_1_72' title='bbox 1245 1159 1361 1217; x_wconf 90' lang='lat' dir='ltr'>sibi</span> <span class='ocrx_word' id='word_1_73' title='bbox 1408 1161 1837 1237; x_wconf 83' lang='lat' dir='ltr'>conjungendi,</span> <span class='ocrx_word' id='word_1_74' title='bbox 1893 1164 2087 1236; x_wconf 87' lang='lat' dir='ltr'>patuit</span> <span class='ocrx_word' id='word_1_75' title='bbox 2138 1163 2317 1220; x_wconf 87' lang='lat' dir='ltr'>etiam</span> <span class='ocrx_word' id='word_1_76' title='bbox 2369 1163 2683 1221; x_wconf 86' lang='lat' dir='ltr'>manifeste</span> 
     </span>
     <span class='ocr_line' id='line_1_9' title="bbox 571 1256 2686 1339; baseline 0.002 -23"><span class='ocrx_word' id='word_1_77' title='bbox 571 1258 648 1316; x_wconf 87' lang='lat' dir='ltr'>ab</span> <span class='ocrx_word' id='word_1_78' title='bbox 684 1256 800 1316; x_wconf 91' lang='lat' dir='ltr'>illis</span> <span class='ocrx_word' id='word_1_79' title='bbox 852 1261 950 1333; x_wconf 91' lang='lat' dir='ltr'>qui</span> <span class='ocrx_word' id='word_1_80' title='bbox 998 1261 1059 1316; x_wconf 91' lang='lat' dir='ltr'>in</span> <span class='ocrx_word' id='word_1_81' title='bbox 1107 1257 1354 1317; x_wconf 86' lang='lat' dir='ltr'>Coelum</span> <span class='ocrx_word' id='word_1_82' title='bbox 1393 1262 1584 1319; x_wconf 79' lang='lat' dir='ltr'>evecti</span> <span class='ocrx_word' id='word_1_83' title='bbox 1633 1269 1800 1330; x_wconf 84' lang='lat' dir='ltr'>sunt,</span> <span class='ocrx_word' id='word_1_84' title='bbox 1853 1261 1939 1319; x_wconf 91' lang='lat' dir='ltr'>illi</span> <span class='ocrx_word' id='word_1_85' title='bbox 1985 1265 2224 1319; x_wconf 86' lang='lat' dir='ltr'>tametsi</span> <span class='ocrx_word' id='word_1_86' title='bbox 2272 1263 2574 1339; x_wconf 87' lang='lat' dir='ltr'>simplices</span> <span class='ocrx_word' id='word_1_87' title='bbox 2625 1264 2686 1320; x_wconf 91' lang='lat' dir='ltr'>in</span> 
     </span>
     <span class='ocr_line' id='line_1_10' title="bbox 564 1358 2685 1438; baseline 0.002 -22"><span class='ocrx_word' id='word_1_88' title='bbox 564 1358 782 1416; x_wconf 90' lang='lat' dir='ltr'>mundo</span> <span class='ocrx_word' id='word_1_89' title='bbox 820 1359 1088 1432; x_wconf 86' lang='lat' dir='ltr'>fuerunt,</span> <span class='ocrx_word' id='word_1_90' title='bbox 1148 1375 1338 1434; x_wconf 89' lang='lat' dir='ltr'>usque</span> <span class='ocrx_word' id='word_1_91' title='bbox 1388 1363 1447 1418; x_wconf 93' lang='lat' dir='ltr'>in</span> <span class='ocrx_word' id='word_1_92' title='bbox 1501 1363 1858 1436; x_wconf 87' lang='lat' dir='ltr'>sapientiam</span> <span class='ocrx_word' id='word_1_93' title='bbox 1909 1362 2240 1438; x_wconf 81' lang='lat' dir='ltr'>angelicam</span> <span class='ocrx_word' id='word_1_94' title='bbox 2282 1369 2341 1420; x_wconf 81' lang='lat' dir='ltr'>et</span> <span class='ocrx_word' id='word_1_95' title='bbox 2387 1366 2448 1420; x_wconf 87' lang='lat' dir='ltr'>in</span> <span class='ocrx_word' id='word_1_96' title='bbox 2487 1362 2685 1420; x_wconf 88' lang='lat' dir='ltr'>felicia</span> 
     </span>
     <span class='ocr_line' id='line_1_11' title="bbox 570 1443 2681 1538; baseline 0 -21"><span class='ocrx_word' id='word_1_97' title='bbox 570 1458 738 1517; x_wconf 86' lang='lat' dir='ltr'>Coeli</span> <span class='ocrx_word' id='word_1_98' title='bbox 781 1467 1096 1530; x_wconf 79' lang='lat' dir='ltr'>venerunt,</span> <span class='ocrx_word' id='word_1_99' title='bbox 1154 1477 1286 1516; x_wconf 88' lang='lat' dir='ltr'>cum</span> <span class='ocrx_word' id='word_1_100' title='bbox 1335 1462 1489 1519; x_wconf 89' lang='lat' dir='ltr'>inter</span> <span class='ocrx_word' id='word_1_101' title='bbox 1537 1461 1801 1537; x_wconf 86' lang='lat' dir='ltr'>Angelos</span> <span class='ocrx_word' id='word_1_102' title='bbox 1818 1480 1833 1535; x_wconf 84' lang='lat'>3</span> <span class='ocrx_word' id='word_1_103' title='bbox 1888 1478 2074 1520; x_wconf 88' lang='lat' dir='ltr'>causa</span> <span class='ocrx_word' id='word_1_104' title='bbox 2123 1463 2259 1532; x_wconf 88' lang='lat' dir='ltr'>fuit,</span> <span class='ocrx_word' id='word_1_105' title='bbox 2318 1443 2457 1538; x_wconf 60' lang='lat' dir='ltr'>fluia</span> <span class='ocrx_word' id='word_1_106' title='bbox 2512 1481 2681 1520; x_wconf 88' lang='lat' dir='ltr'>ama-</span> 
     </span>
     <span class='ocr_line' id='line_1_12' title="bbox 567 1558 2680 1638; baseline 0.002 -24"><span class='ocrx_word' id='word_1_107' title='bbox 567 1565 782 1617; x_wconf 87' lang='lat' dir='ltr'>verunt</span> <span class='ocrx_word' id='word_1_108' title='bbox 815 1558 1035 1616; x_wconf 90' lang='lat' dir='ltr'>bonum</span> <span class='ocrx_word' id='word_1_109' title='bbox 1076 1568 1135 1616; x_wconf 85' lang='lat' dir='ltr'>et</span> <span class='ocrx_word' id='word_1_110' title='bbox 1170 1578 1373 1618; x_wconf 86' lang='lat' dir='ltr'>verum</span> <span class='ocrx_word' id='word_1_111' title='bbox 1411 1568 1661 1637; x_wconf 89' lang='lat' dir='ltr'>propter</span> <span class='ocrx_word' id='word_1_112' title='bbox 1686 1561 1901 1619; x_wconf 89' lang='lat' dir='ltr'>bonum</span> <span class='ocrx_word' id='word_1_113' title='bbox 1946 1570 2006 1619; x_wconf 91' lang='lat' dir='ltr'>et</span> <span class='ocrx_word' id='word_1_114' title='bbox 2040 1580 2275 1635; x_wconf 76' lang='lat' dir='ltr'>verum,</span> <span class='ocrx_word' id='word_1_115' title='bbox 2322 1570 2381 1620; x_wconf 83' lang='lat' dir='ltr'>ct</span> <span class='ocrx_word' id='word_1_116' title='bbox 2419 1562 2680 1638; x_wconf 88' lang='lat' dir='ltr'>implan-</span> 
     </span>
     <span class='ocr_line' id='line_1_13' title="bbox 566 1659 2684 1737; baseline 0.002 -22"><span class='ocrx_word' id='word_1_117' title='bbox 566 1666 847 1716; x_wconf 87' lang='lat' dir='ltr'>taverunt</span> <span class='ocrx_word' id='word_1_118' title='bbox 881 1659 985 1716; x_wconf 87' lang='lat' dir='ltr'>illa</span> <span class='ocrx_word' id='word_1_119' title='bbox 1020 1662 1178 1718; x_wconf 81' lang='lat' dir='ltr'>vitae</span> <span class='ocrx_word' id='word_1_120' title='bbox 1231 1677 1412 1735; x_wconf 88' lang='lat' dir='ltr'>suae,</span> <span class='ocrx_word' id='word_1_121' title='bbox 1471 1667 1531 1719; x_wconf 91' lang='lat' dir='ltr'>et</span> <span class='ocrx_word' id='word_1_122' title='bbox 1567 1679 1678 1737; x_wconf 92' lang='lat' dir='ltr'>per</span> <span class='ocrx_word' id='word_1_123' title='bbox 1715 1662 1772 1719; x_wconf 93' lang='lat' dir='ltr'>id</span> <span class='ocrx_word' id='word_1_124' title='bbox 1813 1661 2129 1721; x_wconf 76' lang='lat' dir='ltr'>facultates</span> <span class='ocrx_word' id='word_1_125' title='bbox 2173 1663 2314 1721; x_wconf 86' lang='lat' dir='ltr'>sacti</span> <span class='ocrx_word' id='word_1_126' title='bbox 2352 1671 2490 1721; x_wconf 88' lang='lat' dir='ltr'>sunt</span> <span class='ocrx_word' id='word_1_127' title='bbox 2524 1665 2684 1721; x_wconf 89' lang='lat' dir='ltr'>reci-</span> 
     </span>
    </p>
   </div>
   <div class='ocr_carea' id='block_1_3' title="bbox 469 1759 2679 1838">
    <p class='ocr_par' dir='ltr' id='par_1_3' title="bbox 469 1759 2679 1838">
     <span class='ocr_line' id='line_1_14' title="bbox 469 1759 2679 1838; baseline 0.002 -22"><span class='ocrx_word' id='word_1_128' title='bbox 469 1768 477 1775; x_wconf 93' lang='grc'><em>“</em></span> <span class='ocrx_word' id='word_1_129' title='bbox 561 1759 766 1835; x_wconf 85' lang='lat' dir='ltr'>piendi</span> <span class='ocrx_word' id='word_1_130' title='bbox 830 1759 1063 1818; x_wconf 89' lang='lat' dir='ltr'>coelum</span> <span class='ocrx_word' id='word_1_131' title='bbox 1101 1777 1232 1817; x_wconf 86' lang='lat' dir='ltr'>cum</span> <span class='ocrx_word' id='word_1_132' title='bbox 1272 1763 1428 1818; x_wconf 87' lang='lat' dir='ltr'>omni</span> <span class='ocrx_word' id='word_1_133' title='bbox 1473 1761 1759 1820; x_wconf 85' lang='lat' dir='ltr'>ineffabili</span> <span class='ocrx_word' id='word_1_134' title='bbox 1794 1761 1894 1819; x_wconf 84' lang='lat' dir='ltr'>ibi.</span> <span class='ocrx_word' id='word_1_135' title='bbox 1983 1763 2100 1838; x_wconf 84' lang='lat' dir='ltr'>Qui</span> <span class='ocrx_word' id='word_1_136' title='bbox 2150 1770 2349 1822; x_wconf 87' lang='lat' dir='ltr'>autem</span> <span class='ocrx_word' id='word_1_137' title='bbox 2400 1766 2458 1821; x_wconf 91' lang='lat' dir='ltr'>in</span> <span class='ocrx_word' id='word_1_138' title='bbox 2509 1780 2679 1821; x_wconf 90' lang='lat' dir='ltr'>amo-</span> 
     </span>
    </p>
   </div>
   <div class='ocr_carea' id='block_1_4' title="bbox 559 1860 2691 3950">
    <p class='ocr_par' dir='ltr' id='par_1_4' title="bbox 561 1860 2689 3342">
     <span class='ocr_line' id='line_1_15' title="bbox 569 1860 2689 1940; baseline 0.001 -22"><span class='ocrx_word' id='word_1_139' title='bbox 569 1877 634 1918; x_wconf 89' lang='lat' dir='ltr'>re</span> <span class='ocrx_word' id='word_1_140' title='bbox 691 1861 785 1918; x_wconf 93' lang='lat' dir='ltr'>sui</span> <span class='ocrx_word' id='word_1_141' title='bbox 837 1866 897 1917; x_wconf 89' lang='lat' dir='ltr'>et</span> <span class='ocrx_word' id='word_1_142' title='bbox 957 1860 1161 1917; x_wconf 88' lang='lat' dir='ltr'>mundi</span> <span class='ocrx_word' id='word_1_143' title='bbox 1212 1869 1377 1935; x_wconf 87' lang='lat' dir='ltr'>sunt,</span> <span class='ocrx_word' id='word_1_144' title='bbox 1435 1861 1520 1919; x_wconf 93' lang='lat' dir='ltr'>illi</span> <span class='ocrx_word' id='word_1_145' title='bbox 1574 1865 1631 1919; x_wconf 93' lang='lat' dir='ltr'>in</span> <span class='ocrx_word' id='word_1_146' title='bbox 1677 1862 1839 1919; x_wconf 89' lang='lat' dir='ltr'>nulla</span> <span class='ocrx_word' id='word_1_147' title='bbox 1874 1862 2159 1921; x_wconf 85' lang='lat' dir='ltr'>facultate</span> <span class='ocrx_word' id='word_1_148' title='bbox 2210 1863 2536 1940; x_wconf 89' lang='lat' dir='ltr'>recipiendi</span> <span class='ocrx_word' id='word_1_149' title='bbox 2584 1863 2689 1921; x_wconf 88' lang='lat' dir='ltr'>illa</span> 
     </span>
     <span class='ocr_line' id='line_1_16' title="bbox 568 1961 2686 2039; baseline 0.001 -21"><span class='ocrx_word' id='word_1_150' title='bbox 568 1968 732 2035; x_wconf 89' lang='lat' dir='ltr'>sunt,</span> <span class='ocrx_word' id='word_1_151' title='bbox 790 1967 1142 2018; x_wconf 82' lang='lat' dir='ltr'>aversantur</span> <span class='ocrx_word' id='word_1_152' title='bbox 1178 1961 1312 2036; x_wconf 88' lang='lat' dir='ltr'>illa,</span> <span class='ocrx_word' id='word_1_153' title='bbox 1370 1963 1647 2038; x_wconf 86' lang='lat' dir='ltr'>rejiciunt</span> <span class='ocrx_word' id='word_1_154' title='bbox 1672 1963 1802 2033; x_wconf 87' lang='lat' dir='ltr'>illa,</span> <span class='ocrx_word' id='word_1_155' title='bbox 1858 1969 1920 2020; x_wconf 81' lang='lat' dir='ltr'>ct</span> <span class='ocrx_word' id='word_1_156' title='bbox 1956 1963 2031 2020; x_wconf 90' lang='lat' dir='ltr'>ad</span> <span class='ocrx_word' id='word_1_157' title='bbox 2066 1967 2321 2039; x_wconf 89' lang='lat' dir='ltr'>primum</span> <span class='ocrx_word' id='word_1_158' title='bbox 2358 1971 2581 2022; x_wconf 85' lang='lat' dir='ltr'>tactum</span> <span class='ocrx_word' id='word_1_159' title='bbox 2625 1972 2686 2022; x_wconf 85' lang='lat' dir='ltr'>et</span> 
     </span>
     <span class='ocr_line' id='line_1_17' title="bbox 564 2061 2681 2140; baseline 0.002 -22"><span class='ocrx_word' id='word_1_160' title='bbox 564 2061 847 2119; x_wconf 85' lang='lat' dir='ltr'>influxum</span> <span class='ocrx_word' id='word_1_161' title='bbox 909 2078 1111 2118; x_wconf 91' lang='lat' dir='ltr'>eorum</span> <span class='ocrx_word' id='word_1_162' title='bbox 1170 2063 1513 2138; x_wconf 87' lang='lat' dir='ltr'>aufugiunt,</span> <span class='ocrx_word' id='word_1_163' title='bbox 1568 2068 1628 2119; x_wconf 84' lang='lat' dir='ltr'>et</span> <span class='ocrx_word' id='word_1_164' title='bbox 1672 2079 1739 2121; x_wconf 90' lang='lat' dir='ltr'>se</span> <span class='ocrx_word' id='word_1_165' title='bbox 1788 2066 2089 2120; x_wconf 79' lang='lat' dir='ltr'>associant</span> <span class='ocrx_word' id='word_1_166' title='bbox 2147 2063 2263 2122; x_wconf 89' lang='lat' dir='ltr'>illis</span> <span class='ocrx_word' id='word_1_167' title='bbox 2323 2067 2380 2122; x_wconf 91' lang='lat' dir='ltr'>in</span> <span class='ocrx_word' id='word_1_168' title='bbox 2429 2065 2681 2140; x_wconf 88' lang='lat' dir='ltr'>infern0,</span> 
     </span>
     <span class='ocr_line' id='line_1_18' title="bbox 569 2160 2687 2241; baseline 0.002 -23"><span class='ocrx_word' id='word_1_169' title='bbox 569 2162 669 2237; x_wconf 90' lang='lat' dir='ltr'>qui</span> <span class='ocrx_word' id='word_1_170' title='bbox 710 2164 767 2219; x_wconf 92' lang='lat' dir='ltr'>in</span> <span class='ocrx_word' id='word_1_171' title='bbox 816 2160 1110 2219; x_wconf 84' lang='lat' dir='ltr'>similibus</span> <span class='ocrx_word' id='word_1_172' title='bbox 1150 2179 1354 2220; x_wconf 86' lang='lat' dir='ltr'>secum</span> <span class='ocrx_word' id='word_1_173' title='bbox 1393 2162 1696 2220; x_wconf 90' lang='lat' dir='ltr'>amoribus</span> <span class='ocrx_word' id='word_1_174' title='bbox 1736 2169 1894 2221; x_wconf 89' lang='lat' dir='ltr'>sunt.</span> <span class='ocrx_word' id='word_1_175' title='bbox 1975 2164 2244 2222; x_wconf 87' lang='lat' dir='ltr'>Fuerunt</span> <span class='ocrx_word' id='word_1_176' title='bbox 2280 2164 2540 2241; x_wconf 85' lang='lat' dir='ltr'>Spiritus</span> <span class='ocrx_word' id='word_1_177' title='bbox 2583 2166 2687 2240; x_wconf 82' lang='lat' dir='ltr'>qui</span> 
     </span>
     <span class='ocr_line' id='line_1_19' title="bbox 564 2261 2685 2338; baseline 0.002 -20"><span class='ocrx_word' id='word_1_178' title='bbox 564 2261 914 2320; x_wconf 87' lang='lat' dir='ltr'>dubitabant</span> <span class='ocrx_word' id='word_1_179' title='bbox 952 2261 1107 2338; x_wconf 84' lang='lat' dir='ltr'>quod</span> <span class='ocrx_word' id='word_1_180' title='bbox 1146 2262 1289 2319; x_wconf 87' lang='lat' dir='ltr'>talia</span> <span class='ocrx_word' id='word_1_181' title='bbox 1325 2265 1595 2320; x_wconf 88' lang='lat' dir='ltr'>inessent</span> <span class='ocrx_word' id='word_1_182' title='bbox 1631 2266 1817 2321; x_wconf 88' lang='lat' dir='ltr'>amori</span> <span class='ocrx_word' id='word_1_183' title='bbox 1858 2264 2127 2335; x_wconf 79' lang='lat' dir='ltr'>coele-sti,</span> <span class='ocrx_word' id='word_1_184' title='bbox 2166 2272 2226 2323; x_wconf 89' lang='lat' dir='ltr'>et</span> <span class='ocrx_word' id='word_1_185' title='bbox 2260 2265 2685 2324; x_wconf 87' lang='lat' dir='ltr'>desiderabant</span> 
     </span>
     <span class='ocr_line' id='line_1_20' title="bbox 563 2342 2681 2439; baseline 0.003 -21"><span class='ocrx_word' id='word_1_186' title='bbox 563 2362 716 2420; x_wconf 86' lang='lat' dir='ltr'>scire</span> <span class='ocrx_word' id='word_1_187' title='bbox 754 2380 893 2419; x_wconf 89' lang='lat' dir='ltr'>num</span> <span class='ocrx_word' id='word_1_188' title='bbox 932 2364 1016 2419; x_wconf 86' lang='lat' dir='ltr'>ita</span> <span class='ocrx_word' id='word_1_189' title='bbox 1053 2342 1243 2436; x_wconf 80' lang='lat' dir='ltr'>esset,</span> <span class='ocrx_word' id='word_1_190' title='bbox 1302 2370 1670 2439; x_wconf 85' lang='lat' dir='ltr'>quapropter</span> <span class='ocrx_word' id='word_1_191' title='bbox 1706 2366 1871 2422; x_wconf 91' lang='lat' dir='ltr'>missi</span> <span class='ocrx_word' id='word_1_192' title='bbox 1908 2371 2049 2422; x_wconf 89' lang='lat' dir='ltr'>sunt</span> <span class='ocrx_word' id='word_1_193' title='bbox 2087 2368 2147 2423; x_wconf 92' lang='lat' dir='ltr'>in</span> <span class='ocrx_word' id='word_1_194' title='bbox 2197 2373 2418 2424; x_wconf 89' lang='lat' dir='ltr'>statum</span> <span class='ocrx_word' id='word_1_195' title='bbox 2457 2368 2681 2424; x_wconf 88' lang='lat' dir='ltr'>amoris</span> 
     </span>
     <span class='ocr_line' id='line_1_21' title="bbox 564 2461 2682 2541; baseline 0.002 -24"><span class='ocrx_word' id='word_1_196' title='bbox 564 2461 872 2537; x_wconf 80' lang='lat' dir='ltr'>coelestiS,</span> <span class='ocrx_word' id='word_1_197' title='bbox 929 2464 1172 2521; x_wconf 88' lang='lat' dir='ltr'>remotis</span> <span class='ocrx_word' id='word_1_198' title='bbox 1221 2465 1452 2521; x_wconf 88' lang='lat' dir='ltr'>interea</span> <span class='ocrx_word' id='word_1_199' title='bbox 1498 2463 1907 2539; x_wconf 80' lang='lat' dir='ltr'>obstantibuS,</span> <span class='ocrx_word' id='word_1_200' title='bbox 1966 2472 2025 2524; x_wconf 90' lang='lat' dir='ltr'>et</span> <span class='ocrx_word' id='word_1_201' title='bbox 2070 2466 2289 2541; x_wconf 87' lang='lat' dir='ltr'>perlati</span> <span class='ocrx_word' id='word_1_202' title='bbox 2343 2472 2682 2524; x_wconf 87' lang='lat' dir='ltr'>antrorsum</span> 
     </span>
     <span class='ocr_line' id='line_1_22' title="bbox 563 2561 2685 2643; baseline 0.003 -24"><span class='ocrx_word' id='word_1_203' title='bbox 563 2561 640 2619; x_wconf 90' lang='lat' dir='ltr'>ad</span> <span class='ocrx_word' id='word_1_204' title='bbox 676 2563 1018 2622; x_wconf 89' lang='lat' dir='ltr'>distantiam</span> <span class='ocrx_word' id='word_1_205' title='bbox 1066 2564 1167 2621; x_wconf 87' lang='lat' dir='ltr'>ubi</span> <span class='ocrx_word' id='word_1_206' title='bbox 1220 2564 1467 2623; x_wconf 89' lang='lat' dir='ltr'>Coelum</span> <span class='ocrx_word' id='word_1_207' title='bbox 1519 2564 1905 2641; x_wconf 85' lang='lat' dir='ltr'>Angelicum,</span> <span class='ocrx_word' id='word_1_208' title='bbox 1965 2574 2026 2624; x_wconf 94' lang='lat' dir='ltr'>et</span> <span class='ocrx_word' id='word_1_209' title='bbox 2069 2568 2206 2625; x_wconf 87' lang='lat' dir='ltr'>inde</span> <span class='ocrx_word' id='word_1_210' title='bbox 2257 2567 2487 2643; x_wconf 86' lang='lat' dir='ltr'>loquuti</span> <span class='ocrx_word' id='word_1_211' title='bbox 2542 2573 2685 2625; x_wconf 84' lang='lat' dir='ltr'>sunt</span> 
     </span>
     <span class='ocr_line' id='line_1_23' title="bbox 561 2665 2684 2744; baseline 0.002 -24"><span class='ocrx_word' id='word_1_212' title='bbox 561 2680 814 2737; x_wconf 88' lang='lat' dir='ltr'>mecum,</span> <span class='ocrx_word' id='word_1_213' title='bbox 857 2665 1122 2724; x_wconf 90' lang='lat' dir='ltr'>dicentes</span> <span class='ocrx_word' id='word_1_214' title='bbox 1162 2666 1321 2740; x_wconf 87' lang='lat' dir='ltr'>quod</span> <span class='ocrx_word' id='word_1_215' title='bbox 1357 2668 1699 2724; x_wconf 83' lang='lat' dir='ltr'>interiorem</span> <span class='ocrx_word' id='word_1_216' title='bbox 1737 2665 2081 2724; x_wconf 79' lang='lat' dir='ltr'>felicitatem</span> <span class='ocrx_word' id='word_1_217' title='bbox 2114 2670 2465 2744; x_wconf 87' lang='lat' dir='ltr'>percipiant,</span> <span class='ocrx_word' id='word_1_218' title='bbox 2504 2684 2684 2744; x_wconf 86' lang='lat' dir='ltr'>quam</span> 
     </span>
     <span class='ocr_line' id='line_1_24' title="bbox 562 2764 2685 2843; baseline 0.002 -21"><span class='ocrx_word' id='word_1_219' title='bbox 562 2764 814 2823; x_wconf 83' lang='lat' dir='ltr'>vocibus</span> <span class='ocrx_word' id='word_1_220' title='bbox 857 2768 1190 2840; x_wconf 83' lang='lat' dir='ltr'>exprimere</span> <span class='ocrx_word' id='word_1_221' title='bbox 1232 2773 1486 2841; x_wconf 87' lang='lat' dir='ltr'>queunt,</span> <span class='ocrx_word' id='word_1_222' title='bbox 1548 2765 1817 2823; x_wconf 86' lang='lat' dir='ltr'>dolentes</span> <span class='ocrx_word' id='word_1_223' title='bbox 1856 2766 2032 2823; x_wconf 82' lang='lat' dir='ltr'>valde</span> <span class='ocrx_word' id='word_1_224' title='bbox 2071 2768 2230 2843; x_wconf 86' lang='lat' dir='ltr'>quod</span> <span class='ocrx_word' id='word_1_225' title='bbox 2263 2771 2325 2826; x_wconf 88' lang='lat' dir='ltr'>in</span> <span class='ocrx_word' id='word_1_226' title='bbox 2365 2770 2685 2843; x_wconf 86' lang='lat' dir='ltr'>pristinum</span> 
     </span>
     <span class='ocr_line' id='line_1_25' title="bbox 565 2864 2687 2938; baseline 0.001 -15"><span class='ocrx_word' id='word_1_227' title='bbox 565 2870 787 2923; x_wconf 87' lang='lat' dir='ltr'>statum</span> <span class='ocrx_word' id='word_1_228' title='bbox 823 2865 1103 2923; x_wconf 86' lang='lat' dir='ltr'>redirent.</span> <span class='ocrx_word' id='word_1_229' title='bbox 1187 2865 1303 2922; x_wconf 87' lang='lat' dir='ltr'>Alii</span> <span class='ocrx_word' id='word_1_230' title='bbox 1340 2867 1519 2921; x_wconf 86' lang='lat' dir='ltr'>etiam</span> <span class='ocrx_word' id='word_1_231' title='bbox 1560 2864 1777 2922; x_wconf 85' lang='lat' dir='ltr'>elevati</span> <span class='ocrx_word' id='word_1_232' title='bbox 1827 2873 1966 2923; x_wconf 88' lang='lat' dir='ltr'>sunt</span> <span class='ocrx_word' id='word_1_233' title='bbox 2000 2867 2059 2924; x_wconf 90' lang='lat' dir='ltr'>in</span> <span class='ocrx_word' id='word_1_234' title='bbox 2106 2868 2370 2938; x_wconf 88' lang='lat' dir='ltr'>coelum,</span> <span class='ocrx_word' id='word_1_235' title='bbox 2434 2875 2494 2926; x_wconf 91' lang='lat' dir='ltr'>ct</span> <span class='ocrx_word' id='word_1_236' title='bbox 2528 2870 2687 2926; x_wconf 86' lang='lat' dir='ltr'>sicut</span> 
     </span>
     <span class='ocr_line' id='line_1_26' title="bbox 563 2951 2683 3044; baseline 0.001 -21"><span class='ocrx_word' id='word_1_237' title='bbox 563 2967 813 3023; x_wconf 88' lang='lat' dir='ltr'>interius</span> <span class='ocrx_word' id='word_1_238' title='bbox 851 2981 957 3023; x_wconf 89' lang='lat' dir='ltr'>seu</span> <span class='ocrx_word' id='word_1_239' title='bbox 999 2964 1176 3022; x_wconf 86' lang='lat' dir='ltr'>altius</span> <span class='ocrx_word' id='word_1_240' title='bbox 1217 2963 1440 3023; x_wconf 85' lang='lat' dir='ltr'>sublati</span> <span class='ocrx_word' id='word_1_241' title='bbox 1477 2971 1649 3039; x_wconf 90' lang='lat' dir='ltr'>sunt,</span> <span class='ocrx_word' id='word_1_242' title='bbox 1703 2968 1788 3023; x_wconf 89' lang='lat' dir='ltr'>ita</span> <span class='ocrx_word' id='word_1_243' title='bbox 1838 2967 2210 3026; x_wconf 82' lang='lat' dir='ltr'>intraverunt</span> <span class='ocrx_word' id='word_1_244' title='bbox 2244 2970 2302 3026; x_wconf 90' lang='lat' dir='ltr'>in</span> <span class='ocrx_word' id='word_1_245' title='bbox 2338 2951 2683 3044; x_wconf 59' lang='lat' dir='ltr'>intelligenss</span> 
     </span>
     <span class='ocr_line' id='line_1_27' title="bbox 561 3066 2685 3146; baseline 0.002 -23"><span class='ocrx_word' id='word_1_246' title='bbox 561 3068 701 3123; x_wconf 88' lang='lat' dir='ltr'>tiam</span> <span class='ocrx_word' id='word_1_247' title='bbox 760 3073 820 3123; x_wconf 91' lang='lat' dir='ltr'>et</span> <span class='ocrx_word' id='word_1_248' title='bbox 873 3066 1258 3141; x_wconf 89' lang='lat' dir='ltr'>sapientiam,</span> <span class='ocrx_word' id='word_1_249' title='bbox 1324 3072 1391 3122; x_wconf 89' lang='lat' dir='ltr'>ut</span> <span class='ocrx_word' id='word_1_250' title='bbox 1440 3067 1754 3141; x_wconf 88' lang='lat' dir='ltr'>percipere</span> <span class='ocrx_word' id='word_1_251' title='bbox 1802 3075 2084 3142; x_wconf 87' lang='lat' dir='ltr'>possent,</span> <span class='ocrx_word' id='word_1_252' title='bbox 2143 3086 2298 3145; x_wconf 90' lang='lat' dir='ltr'>quae</span> <span class='ocrx_word' id='word_1_253' title='bbox 2350 3071 2518 3146; x_wconf 91' lang='lat' dir='ltr'>prius</span> <span class='ocrx_word' id='word_1_254' title='bbox 2565 3069 2685 3127; x_wconf 90' lang='lat' dir='ltr'>illis</span> 
     </span>
     <span class='ocr_line' id='line_1_28' title="bbox 562 3164 2684 3246; baseline 0.002 -23"><span class='ocrx_word' id='word_1_255' title='bbox 562 3164 1190 3242; x_wconf 86' lang='lat' dir='ltr'>incomprehensibilia</span> <span class='ocrx_word' id='word_1_256' title='bbox 1244 3166 1503 3224; x_wconf 89' lang='lat' dir='ltr'>fuerunt.</span> <span class='ocrx_word' id='word_1_257' title='bbox 1595 3165 1740 3224; x_wconf 91' lang='lat' dir='ltr'>Inde</span> <span class='ocrx_word' id='word_1_258' title='bbox 1793 3173 1993 3243; x_wconf 89' lang='lat' dir='ltr'>patet,</span> <span class='ocrx_word' id='word_1_259' title='bbox 2054 3169 2212 3245; x_wconf 93' lang='lat' dir='ltr'>quod</span> <span class='ocrx_word' id='word_1_260' title='bbox 2264 3186 2430 3227; x_wconf 89' lang='lat' dir='ltr'>amor</span> <span class='ocrx_word' id='word_1_261' title='bbox 2464 3186 2684 3246; x_wconf 88' lang='lat' dir='ltr'>proce-</span> 
     </span>
     <span class='ocr_line' id='line_1_29' title="bbox 561 3266 2418 3342; baseline 0.001 -18"><span class='ocrx_word' id='word_1_262' title='bbox 561 3267 708 3326; x_wconf 88' lang='lat' dir='ltr'>dens</span> <span class='ocrx_word' id='word_1_263' title='bbox 747 3284 783 3324; x_wconf 87' lang='lat' dir='ltr'>a</span> <span class='ocrx_word' id='word_1_264' title='bbox 818 3266 1076 3324; x_wconf 90' lang='lat' dir='ltr'>Domino</span> <span class='ocrx_word' id='word_1_265' title='bbox 1113 3268 1192 3324; x_wconf 87' lang='lat' dir='ltr'>sit</span> <span class='ocrx_word' id='word_1_266' title='bbox 1234 3266 1682 3342; x_wconf 85' lang='lat' dir='ltr'>receptaculum</span> <span class='ocrx_word' id='word_1_267' title='bbox 1723 3267 1876 3326; x_wconf 89' lang='lat' dir='ltr'>coeli</span> <span class='ocrx_word' id='word_1_268' title='bbox 1917 3275 1977 3327; x_wconf 87' lang='lat' dir='ltr'>et</span> <span class='ocrx_word' id='word_1_269' title='bbox 2021 3272 2282 3327; x_wconf 91' lang='lat' dir='ltr'>omnium</span> <span class='ocrx_word' id='word_1_270' title='bbox 2318 3270 2418 3327; x_wconf 89' lang='lat' dir='ltr'>ibi.</span> 
     </span>
    </p>

    <p class='ocr_par' dir='ltr' id='par_1_5' title="bbox 559 3366 2691 3950">
     <span class='ocr_line' id='line_1_30' title="bbox 774 3366 2686 3446; baseline 0.002 -22"><span class='ocrx_word' id='word_1_271' title='bbox 774 3370 879 3425; x_wconf 85' lang='lat'>19.</span> <span class='ocrx_word' id='word_1_272' title='bbox 938 3366 1114 3442; x_wconf 85' lang='lat' dir='ltr'>Quod</span> <span class='ocrx_word' id='word_1_273' title='bbox 1150 3366 1335 3424; x_wconf 90' lang='lat' dir='ltr'>Amor</span> <span class='ocrx_word' id='word_1_274' title='bbox 1368 3370 1429 3425; x_wconf 90' lang='lat' dir='ltr'>in</span> <span class='ocrx_word' id='word_1_275' title='bbox 1465 3368 1784 3425; x_wconf 89' lang='lat' dir='ltr'>Dominum</span> <span class='ocrx_word' id='word_1_276' title='bbox 1826 3372 1884 3425; x_wconf 90' lang='lat' dir='ltr'>et</span> <span class='ocrx_word' id='word_1_277' title='bbox 1925 3369 2113 3427; x_wconf 87' lang='lat' dir='ltr'>Amor</span> <span class='ocrx_word' id='word_1_278' title='bbox 2166 3387 2309 3446; x_wconf 90' lang='lat' dir='ltr'>erga</span> <span class='ocrx_word' id='word_1_279' title='bbox 2345 3372 2686 3446; x_wconf 84' lang='lat' dir='ltr'>proximum</span> 
     </span>
     <span class='ocr_line' id='line_1_31' title="bbox 561 3466 2689 3547; baseline 0 -19"><span class='ocrx_word' id='word_1_280' title='bbox 561 3466 1070 3545; x_wconf 87' lang='lat' dir='ltr'>comprehendant</span> <span class='ocrx_word' id='word_1_281' title='bbox 1114 3468 1175 3523; x_wconf 88' lang='lat' dir='ltr'>in</span> <span class='ocrx_word' id='word_1_282' title='bbox 1211 3484 1277 3525; x_wconf 90' lang='lat' dir='ltr'>se</span> <span class='ocrx_word' id='word_1_283' title='bbox 1329 3470 1527 3525; x_wconf 90' lang='lat' dir='ltr'>omnia</span> <span class='ocrx_word' id='word_1_284' title='bbox 1566 3485 1714 3527; x_wconf 84' lang='lat' dir='ltr'>vera</span> <span class='ocrx_word' id='word_1_285' title='bbox 1748 3469 2001 3541; x_wconf 84' lang='lat' dir='ltr'>Divina,</span> <span class='ocrx_word' id='word_1_286' title='bbox 2056 3476 2331 3529; x_wconf 89' lang='lat' dir='ltr'>constare</span> <span class='ocrx_word' id='word_1_287' title='bbox 2367 3476 2568 3547; x_wconf 90' lang='lat' dir='ltr'>potest</span> <span class='ocrx_word' id='word_1_288' title='bbox 2612 3487 2689 3529; x_wconf 83' lang='lat' dir='ltr'>ex</span> 
     </span>
     <span class='ocr_line' id='line_1_32' title="bbox 559 3566 2686 3647; baseline 0.001 -22"><span class='ocrx_word' id='word_1_289' title='bbox 559 3568 679 3627; x_wconf 86' lang='lat' dir='ltr'>illis</span> <span class='ocrx_word' id='word_1_290' title='bbox 714 3586 869 3643; x_wconf 89' lang='lat' dir='ltr'>quae</span> <span class='ocrx_word' id='word_1_291' title='bbox 913 3566 1057 3644; x_wconf 91' lang='lat' dir='ltr'>Ipse</span> <span class='ocrx_word' id='word_1_292' title='bbox 1094 3568 1387 3627; x_wconf 90' lang='lat' dir='ltr'>Dominus</span> <span class='ocrx_word' id='word_1_293' title='bbox 1427 3567 1500 3626; x_wconf 89' lang='lat' dir='ltr'>de</span> <span class='ocrx_word' id='word_1_294' title='bbox 1550 3568 1702 3627; x_wconf 91' lang='lat' dir='ltr'>binis</span> <span class='ocrx_word' id='word_1_295' title='bbox 1740 3567 1860 3627; x_wconf 90' lang='lat' dir='ltr'>illis</span> <span class='ocrx_word' id='word_1_296' title='bbox 1908 3570 2209 3628; x_wconf 89' lang='lat' dir='ltr'>amoribus</span> <span class='ocrx_word' id='word_1_297' title='bbox 2250 3571 2534 3647; x_wconf 85' lang='lat' dir='ltr'>loquutus</span> <span class='ocrx_word' id='word_1_298' title='bbox 2573 3577 2686 3640; x_wconf 91' lang='lat' dir='ltr'>est,</span> 
     </span>
     <span class='ocr_line' id='line_1_33' title="bbox 563 3664 2690 3743; baseline 0.001 -16"><span class='ocrx_word' id='word_1_299' title='bbox 563 3668 832 3743; x_wconf 78' lang='lat' dir='ltr'>dicendO,</span> <span class='ocrx_word' id='word_1_300' title='bbox 877 3664 1194 3743; x_wconf 73' lang='lat' dir='ltr'>„Amabis</span> <span class='ocrx_word' id='word_1_301' title='bbox 1222 3666 1443 3728; x_wconf 79' lang='lat' dir='ltr'>Deum</span> <span class='ocrx_word' id='word_1_302' title='bbox 1471 3673 1655 3729; x_wconf 79' lang='lat' dir='ltr'>tuum</span> <span class='ocrx_word' id='word_1_303' title='bbox 1690 3686 1769 3729; x_wconf 74' lang='lat' dir='ltr'>ecc</span> <span class='ocrx_word' id='word_1_304' title='bbox 1806 3673 1936 3727; x_wconf 77' lang='lat' dir='ltr'>toto</span> <span class='ocrx_word' id='word_1_305' title='bbox 1966 3668 2149 3729; x_wconf 81' lang='lat' dir='ltr'>corde</span> <span class='ocrx_word' id='word_1_306' title='bbox 2188 3675 2296 3731; x_wconf 73' lang='lat' dir='ltr'>tuo</span> <span class='ocrx_word' id='word_1_307' title='bbox 2336 3676 2395 3730; x_wconf 74' lang='lat' dir='ltr'>et</span> <span class='ocrx_word' id='word_1_308' title='bbox 2434 3690 2513 3733; x_wconf 75' lang='lat' dir='ltr'>ex</span> <span class='ocrx_word' id='word_1_309' title='bbox 2552 3676 2690 3731; x_wconf 76' lang='lat' dir='ltr'>tota</span> 
     </span>
     <span class='ocr_line' id='line_1_34' title="bbox 560 3766 2691 3850; baseline 0.001 -22"><span class='ocrx_word' id='word_1_310' title='bbox 560 3767 783 3829; x_wconf 81' lang='lat' dir='ltr'>anima</span> <span class='ocrx_word' id='word_1_311' title='bbox 825 3773 940 3828; x_wconf 76' lang='lat' dir='ltr'>tua</span> <span class='ocrx_word' id='word_1_312' title='bbox 955 3787 981 3839; x_wconf 89' lang='lat'><em>;</em></span> <span class='ocrx_word' id='word_1_313' title='bbox 1039 3766 1152 3827; x_wconf 78' lang='lat' dir='ltr'>hoc</span> <span class='ocrx_word' id='word_1_314' title='bbox 1179 3772 1274 3827; x_wconf 75' lang='lat' dir='ltr'>est</span> <span class='ocrx_word' id='word_1_315' title='bbox 1296 3774 1710 3847; x_wconf 74' lang='lat' dir='ltr'>praeceptum</span> <span class='ocrx_word' id='word_1_316' title='bbox 1734 3768 2096 3830; x_wconf 69' lang='lat' dir='ltr'>mamimum</span> <span class='ocrx_word' id='word_1_317' title='bbox 2122 3776 2182 3830; x_wconf 79' lang='lat' dir='ltr'>et</span> <span class='ocrx_word' id='word_1_318' title='bbox 2196 3770 2489 3850; x_wconf 77' lang='lat' dir='ltr'>primum</span> <span class='ocrx_word' id='word_1_319' title='bbox 2506 3790 2534 3843; x_wconf 93' lang='lat'><em>;</em></span> <span class='ocrx_word' id='word_1_320' title='bbox 2590 3788 2691 3831; x_wconf 73' lang='lat' dir='ltr'>se-</span> 
     </span>
     <span class='ocr_line' id='line_1_35' title="bbox 560 3866 2691 3950; baseline 0.001 -21"><span class='ocrx_word' id='word_1_321' title='bbox 560 3868 836 3931; x_wconf 80' lang='lat' dir='ltr'>cundum</span> <span class='ocrx_word' id='word_1_322' title='bbox 879 3867 1048 3948; x_wconf 81' lang='lat' dir='ltr'>quod</span> <span class='ocrx_word' id='word_1_323' title='bbox 1073 3866 1286 3929; x_wconf 76' lang='lat' dir='ltr'>simile</span> <span class='ocrx_word' id='word_1_324' title='bbox 1323 3873 1417 3928; x_wconf 75' lang='lat' dir='ltr'>est</span> <span class='ocrx_word' id='word_1_325' title='bbox 1452 3866 1590 3943; x_wconf 75' lang='lat' dir='ltr'>illi,</span> <span class='ocrx_word' id='word_1_326' title='bbox 1642 3873 1765 3942; x_wconf 75' lang='lat' dir='ltr'>est,</span> <span class='ocrx_word' id='word_1_327' title='bbox 1814 3874 1887 3929; x_wconf 75' lang='lat' dir='ltr'>ut</span> <span class='ocrx_word' id='word_1_328' title='bbox 1916 3888 2087 3931; x_wconf 74' lang='lat' dir='ltr'>ames</span> <span class='ocrx_word' id='word_1_329' title='bbox 2102 3871 2482 3950; x_wconf 71' lang='lat' dir='ltr'>proximum</span> <span class='ocrx_word' id='word_1_330' title='bbox 2508 3875 2691 3933; x_wconf 74' lang='lat' dir='ltr'>tuum</span> 
     </span>
    </p>
   </div>
   <div class='ocr_carea' id='block_1_5' title="bbox 564 4148 2694 4395">
    <p class='ocr_par' dir='ltr' id='par_1_6' title="bbox 564 4148 2694 4395">
     <span class='ocr_line' id='line_1_36' title="bbox 713 4148 2691 4226; baseline 0.003 -27"><span class='ocrx_word' id='word_1_331' title='bbox 713 4148 841 4214; x_wconf 87' lang='lat' dir='ltr'>(cc)</span> <span class='ocrx_word' id='word_1_332' title='bbox 897 4148 1069 4221; x_wconf 79' lang='lat' dir='ltr'>Quod</span> <span class='ocrx_word' id='word_1_333' title='bbox 1111 4151 1297 4204; x_wconf 86' lang='lat' dir='ltr'>amori</span> <span class='ocrx_word' id='word_1_334' title='bbox 1342 4150 1521 4205; x_wconf 86' lang='lat' dir='ltr'>insint</span> <span class='ocrx_word' id='word_1_335' title='bbox 1560 4151 2042 4217; x_wconf 81' lang='lat' dir='ltr'>innumerabilia,</span> <span class='ocrx_word' id='word_1_336' title='bbox 2101 4164 2159 4207; x_wconf 83' lang='lat' dir='ltr'>et</span> <span class='ocrx_word' id='word_1_337' title='bbox 2200 4153 2358 4226; x_wconf 87' lang='lat' dir='ltr'>quod</span> <span class='ocrx_word' id='word_1_338' title='bbox 2399 4170 2563 4205; x_wconf 81' lang='lat' dir='ltr'>amor</span> <span class='ocrx_word' id='word_1_339' title='bbox 2603 4170 2691 4205; x_wconf 86' lang='lat' dir='ltr'>re-</span> 
     </span>
     <span class='ocr_line' id='line_1_37' title="bbox 567 4223 2694 4299; baseline 0.004 -24"><span class='ocrx_word' id='word_1_340' title='bbox 567 4224 748 4294; x_wconf 86' lang='lat' dir='ltr'>cipiat</span> <span class='ocrx_word' id='word_1_341' title='bbox 798 4223 871 4276; x_wconf 88' lang='lat' dir='ltr'>ad</span> <span class='ocrx_word' id='word_1_342' title='bbox 930 4241 990 4278; x_wconf 87' lang='lat' dir='ltr'>se</span> <span class='ocrx_word' id='word_1_343' title='bbox 1047 4227 1244 4279; x_wconf 89' lang='lat' dir='ltr'>omnia</span> <span class='ocrx_word' id='word_1_344' title='bbox 1299 4245 1446 4299; x_wconf 87' lang='lat' dir='ltr'>quae</span> <span class='ocrx_word' id='word_1_345' title='bbox 1498 4228 1892 4295; x_wconf 83' lang='lat' dir='ltr'>concordant,</span> <span class='ocrx_word' id='word_1_346' title='bbox 1955 4248 2022 4283; x_wconf 84' lang='lat' dir='ltr'>n:</span> <span class='ocrx_word' id='word_1_347' title='bbox 2079 4239 2251 4291; x_wconf 79' lang='grc'><strong>2500.</strong></span> <span class='ocrx_word' id='word_1_348' title='bbox 2308 4237 2479 4290; x_wconf 78' lang='lat'><strong>25⁷2.</strong></span> <span class='ocrx_word' id='word_1_349' title='bbox 2524 4237 2694 4291; x_wconf 79' lang='lat'>3078..</span> 
     </span>
     <span class='ocr_line' id='line_1_38' title="bbox 564 4308 1371 4395; baseline 0 -34"><span class='ocrx_word' id='word_1_350' title='bbox 564 4308 736 4361; x_wconf 83' lang='lat'>3189-</span> <span class='ocrx_word' id='word_1_351' title='bbox 781 4308 946 4395; x_wconf 54' lang='lat'><strong>6323·</strong></span> <span class='ocrx_word' id='word_1_352' title='bbox 993 4309 1160 4364; x_wconf 79' lang='lat'><strong>7490·</strong></span> <span class='ocrx_word' id='word_1_353' title='bbox 1205 4310 1371 4364; x_wconf 83' lang='lat'>7750.</span> 
     </span>
    </p>
   </div>
  </div>
 </body>
</html>
