3013 5114
557 474 562 477 ,
642 417 737 473 DE
778 416 1116 484 LOQUELA
1155 417 1613 477 ANGELORUM
1653 419 1800 479 CUM
1839 420 2140 480 HOMINE.
2181 498 2188 504 α
2310 434 2414 488 131

304 599 420 658 per
455 580 536 655 id,
587 578 747 655 quod
800 578 1055 639 credant
1090 597 1156 638 se
1195 597 1332 639 esse
1374 583 1652 657 spiritum
1686 588 1990 653 sanctum,
2039 590 2099 643 et
2137 601 2291 662 quae
2328 585 2421 646 di-

306 688 460 741 cunt
498 696 636 740 esse
670 681 923 739 Divina:
962 680 1048 738 illi
1083 683 1329 757 spiritus
1362 699 1482 740 non
1519 688 1737 741 nocent
1769 683 2018 758 homini,
2071 687 2213 761 quia
2245 687 2422 747 homo

307 782 451 842 illos
483 783 703 841 Divino
741 781 906 840 cultu
942 781 1215 841 honorat.
1287 781 1437 841 Cum
1472 783 1591 842 illis
1640 786 1819 842 etiam
1848 785 2165 860 aliquoties
2200 786 2419 864 loquu-

306 891 411 943 tus
461 899 614 952 sum,
666 889 726 942 et
766 889 907 941 tunc
944 899 1182 959 quoque
1223 882 1462 943 detecta
1504 890 1645 942 sunt
1678 885 1931 959 nefaria,
1986 898 2144 961 quae‘
2175 887 2419 948 cultori-

303 985 424 1043 bus
471 986 600 1043 suis
652 984 1025 1044 infuderunt:
1105 983 1378 1057 habitant
1427 984 1607 1044 simul
1661 985 1736 1044 ad
1796 986 2101 1045 sinistrum
2162 990 2225 1046 in
2287 988 2420 1048 loco

304 1085 566 1145 deserto.
2041 1104 2044 1105 ⁷

472 1187 633 1245 250.
700 1180 779 1251 At
823 1185 988 1261 loqui
1031 1202 1165 1244 cum
1216 1186 1464 1263 Angelis
1521 1187 1674 1247 coeli
1708 1204 1828 1247 non
1874 1187 2218 1246 conceditur
2266 1188 2418 1262 aliiS,

307 1306 490 1365 quam
528 1288 628 1362 qui
679 1289 739 1344 in
774 1288 933 1345 veris
972 1305 1046 1346 ex
1101 1287 1258 1347 bono
1300 1293 1471 1359 sunt,
1521 1286 1821 1365 primario
1870 1290 1972 1363 qui
2017 1291 2081 1345 in
2119 1291 2420 1364 agnitione

308 1388 555 1448 Domini
605 1405 677 1447 ac
712 1387 916 1446 Divini
964 1390 1024 1446 in
1054 1388 1347 1447 >Humano
1394 1389 1632 1465 Ipsius3
1709 1391 1851 1466 quia
1893 1389 2008 1448 hoc
2050 1388 2283 1448 Verum
2329 1396 2424 1449 est

310 1493 375 1548 in
414 1507 530 1565 quo
558 1487 728 1548 Coeli
758 1494 926 1564 sunt3
980 1507 1136 1564 nam,
1175 1495 1243 1548 ut
1277 1505 1462 1565 supra
1487 1497 1795 1553 ostensum
1833 1497 1943 1562 est,
1992 1489 2285 1548 Dominus
2328 1497 2424 1549 est

305 1591 480 1650 Deus
519 1588 708 1660 Coeli,
754 1608 822 1648 n:
868 1593 904 1648 2
947 1590 1025 1648 ad
1068 1593 1125 1648 6.
1198 1590 1479 1648 Divinum
1515 1591 1756 1650 Domini
1782 1591 1926 1650 facit
1954 1590 2217 1666 coelum,
2265 1609 2333 1650 n:
2378 1595 2414 1649 7

311 1691 391 1750 ad
446 1693 553 1750 12.
628 1691 914 1749 Divinum
959 1691 1199 1749 Domini
1246 1693 1307 1749 in
1367 1690 1551 1750 Coelo
1604 1699 1698 1751 est
1745 1709 1912 1750 amor
1961 1694 2023 1750 in
2058 1691 2297 1768 Ipsum,
2361 1696 2426 1753 et

313 1792 576 1853 charitas
615 1809 758 1868 erga
788 1795 1126 1868 proximum
1163 1791 1238 1850 ab
1279 1791 1457 1867 Ipso,
1516 1809 1583 1850 n:
1631 1794 1715 1850 13
1758 1793 1836 1850 ad
1879 1794 1987 1850 19.
2060 1791 2423 1853 Universum

308 1892 560 1952 Coelum
614 1895 674 1950 in
734 1910 852 1952 uno
917 1892 1233 1969 complexu
1284 1893 1470 1952 refert
1521 1909 1710 1968 unum
1756 1893 2089 1963 hominem,
2154 1892 2425 1951 similiter

308 1995 684 2070 unaquaevis
726 1996 986 2052 societas
1036 1992 1237 2065 Coeli,
1321 2010 1393 2052 ac
1451 1994 1865 2069 unusquisque
1901 1986 2169 2067 Angelus
2221 1997 2315 2061 est
2361 1992 2423 2049 in

311 2095 586 2172 perfecta
632 2095 824 2153 forma
865 2095 1159 2169 humana,
1217 2100 1277 2154 et
1321 2093 1436 2153 hoc
1475 2110 1545 2154 ex
1584 2093 1804 2152 Divino
1844 2093 2124 2151 Humano
2160 2092 2419 2168 Domini,

307 2215 378 2254 n:
427 2196 509 2254 59
566 2194 645 2253 ad
697 2197 819 2271 863
898 2211 970 2255 ex
1024 2195 1239 2271 quibus
1287 2202 1494 2272 patet,
1571 2194 1731 2273 quod
1777 2194 1942 2271 loqui
1990 2211 2126 2253 cum
2184 2193 2416 2270 angelis

305 2295 464 2356 coeli
497 2314 616 2355 non
652 2296 826 2356 detur
868 2296 1001 2354 allis
1050 2284 1231 2373 quam
1278 2296 1439 2373 apud
1487 2312 1638 2372 quos
1686 2283 1969 2354 interiora
2014 2299 2230 2370 aperta
2277 2300 2421 2354 sunt

307 2415 422 2474 per
454 2397 677 2456 Divina
712 2414 857 2456 vera
898 2414 1087 2473 usque
1125 2396 1203 2455 ad
1237 2398 1594 2469 Dominum,
1656 2413 1794 2454 nam
1828 2398 1888 2453 in
1923 2396 2029 2453 illa
2063 2394 2253 2453 influit
2284 2394 2417 2453 Do-

308 2499 506 2557 minus
541 2498 702 2575 apud
737 2498 1054 2574 hominem,
1107 2505 1169 2557 et
1205 2515 1339 2580 cum
1375 2498 1669 2556 Dominus
1710 2498 1885 2553 etiam
1925 2494 2174 2553 Coelum
2211 2494 2421 2552 influit.

311 2599 492 2676 Quod
523 2601 748 2659 Divina
783 2599 947 2660 Vera
983 2601 1257 2676 aperiant
1285 2600 1567 2657 interiora
1604 2598 1885 2669 hominiS,
1941 2601 2036 2654 est
2071 2596 2211 2670 quia
2243 2593 2424 2653 homo

310 2703 396 2759 it'a
430 2708 672 2760 creatus
710 2707 827 2776 est,
895 2709 961 2758 ut
1001 2700 1199 2777 quoad
1232 2701 1528 2758 internum
1567 2698 1865 2755 hominem
1902 2699 1981 2754 sit
2014 2698 2211 2772 imago
2249 2694 2420 2770 coeli,

311 2809 374 2861 et
411 2801 610 2878 quoad
647 2809 958 2861 externum
995 2804 1073 2860 sit
1106 2803 1302 2877 imago
1342 2797 1561 2871 mundi,
1625 2817 1698 2856 n:
1746 2800 1854 2867 57,
1909 2798 2272 2858 ebint‘ernus
2308 2795 2420 2855 ho-

313 2920 410 2963 mo
446 2919 564 2962 non
602 2905 869 2980 aperitur
910 2921 1088 2978 quam
1124 2920 1234 2979 per
1258 2901 1540 2959 Divinum
1576 2899 1804 2958 Verum
1842 2897 2175 2974 procedens
2212 2914 2250 2956 a
2286 2896 2419 2957 Do-

313 3005 504 3073 mino,
560 3006 700 3080 quia
726 3003 788 3061 id
825 3011 917 3063 est
952 3004 1057 3062 lux
1093 3002 1246 3063 coeli
1283 3009 1344 3061 et
1379 3004 1503 3063 vita
1539 3000 1710 3075 coeli,
1752 3018 1822 3058 n:
1876 3000 2009 3059 126
2056 2998 2134 3056 ad
2178 3000 2336 3057 140.

480 3106 644 3163 251.
730 3104 1001 3163 Influxus
1063 3104 1267 3179 Ipsius
1317 3102 1562 3161 Domini
1622 3100 1785 3177 apud
1838 3100 2140 3160 hominem
2209 3105 2303 3158 est
2363 3100 2424 3157 in

312 3207 569 3266 frontem
612 3205 795 3275 illius,
849 3212 909 3264 et
936 3204 1073 3264 inde
1110 3206 1169 3262 in
1203 3210 1392 3263 totam
1428 3204 1663 3277 faciem,
1709 3204 1991 3278 quoniam
2028 3200 2190 3259 frons
2224 3199 2422 3258 homi-

313 3309 406 3366 nis
444 3306 872 3382 correspondet
907 3308 1128 3379 amori,
1193 3310 1251 3364 et
1300 3304 1485 3363 facies
1534 3302 1962 3379 correspondet
2011 3299 2283 3359 omnibus
2330 3300 2426 3357 in-

314 3407 636 3468 terioribus
691 3406 822 3483 ejus
881 3404 1009 3486 (ss).
1082 3405 1350 3464 Influxus
1408 3403 1760 3479 angelorum
1816 3399 2215 3478 spiritualium
2268 3395 2433 3474 apud

316 3506 615 3568 hominem
654 3513 747 3569 est
771 3510 833 3567 in
870 3514 1054 3584 caput
1091 3506 1224 3584 ejus
1262 3504 1663 3580 undequaque
1701 3519 1737 3560 a
1773 3500 2138 3576 frontispicio
2178 3503 2237 3558 et
2270 3502 2426 3561 tem-

473 3794 581 3861 (ss)
639 3791 810 3870 Quod
851 3791 1013 3848 frons
1055 3788 1516 3861 correspondeat
1556 3786 1741 3841 amori
1785 3785 2056 3849 coelesti,
2102 3796 2159 3839 et
2200 3783 2334 3838 inde
2374 3784 2437 3837 in

322 3868 522 3923 Verbo
566 3869 848 3941 significet
889 3868 1050 3923 illum
1092 3884 1383 3929 amorem,
1426 3884 1496 3917 nt
1541 3871 1710 3924 9936.
1789 3860 1956 3928 Quod
2008 3862 2185 3915 facies
2238 3878 2435 3915 corre·

317 3945 600 4016 spondeat
639 3944 1024 3998 interioribus
1066 3942 1351 4005 hominis,
1416 3958 1562 4015 quae
1606 3948 1738 3993 sunt
1789 3938 2161 4012 cogitationis
2204 3948 2262 3991 et
2301 3936 2436 3991 affe·

318 4020 563 4085 ⁰t50¹¹382
641 4038 709 4073 1¹2
768 4028 934 4081 1568·
978 4027 1148 4080 2988·
1193 4025 1364 4078 2989.
1410 4025 1580 4078 3631.
1624 4023 1793 4077 4796.
1839 4022 2007 4076 4797.
2053 4022 2222 4076 4800.
2268 4020 2435 4073 5165.

320 4104 489 4157 5168.
534 4097 700 4157 '5695-
745 4105 914 4156 9306.
997 4093 1164 4161 Quod
1205 4093 1374 4147 etiam
1417 4094 1596 4147 facies
1637 4091 1709 4145 ad
1742 4090 2320 4163 correspondentiam
2353 4088 2436 4139 in-

317 4173 604 4225 teriorum
647 4172 893 4225 formata
935 4172 1038 4234 sit,
1083 4188 1151 4223 n:
1196 4176 1343 4231 4791
1386 4169 1459 4224 ad
1499 4175 1670 4230 4805.
1715 4175 1885 4228 5695.
1967 4167 2139 4245 Quod
2180 4164 2315 4218 inde
2353 4161 2435 4215 fa·

317 4247 436 4301 cies
476 4249 537 4301 in
580 4248 782 4302 Verbo
824 4246 1110 4319 significet
1151 4246 1466 4310 interiora,
1509 4264 1578 4297 n:
1623 4252 1794 4304 1999.
1836 4250 2006 4303 2434.
2052 4249 2220 4302 3527.
2263 4245 2434 4300 4066.

1911 4402 1943 4454 s)
1980 4394 2013 4430 >k
