3013 5114
564 398 676 451 254
1175 384 1271 438 DE
1313 383 1554 441 COELO
1596 383 1692 440 ET
1729 380 2070 440 INFERNO.

563 547 944 621 desiderant,
1003 546 1105 622 qui
1146 546 1324 603 amici
1361 549 1424 604 et
1457 545 1588 602 noti
1621 542 1862 603 fuerunt
1895 543 1957 599 in
1992 542 2118 600 vita
2152 541 2440 616 corporis,
2479 555 2701 601 uxores

566 657 627 709 et
664 650 860 708 mariti
892 647 1216 723 imprimis,
1255 651 1315 705 et
1349 661 1591 722 quoque
1622 644 1835 703 fratres
1867 647 1927 702 et
1964 656 2242 701 sorores:
2296 640 2419 700 vidi
2450 642 2699 701 Patrem

563 751 879 826 loquutum
917 764 1051 806 cum
1088 763 1197 806 sex
1232 746 1402 821 filiis,
1469 751 1530 805 et
1578 745 1898 822 agnovisse
1941 742 2110 819 illos3
2166 758 2240 800 ac
2281 742 2491 819 plures
2541 741 2698 802 alios

569 868 704 909 cum
743 851 867 908 suis
908 847 1184 906 affinibus
1233 853 1293 907 et
1326 848 1566 923 amicis3
1623 845 1733 905 sed
1778 846 1918 921 quia
1960 845 2215 902 diversis
2266 845 2477 903 animis
2526 848 2702 903 erant

570 969 644 1011 ex
682 953 807 1011 vita
842 950 904 1007 in
938 949 1188 1022 mund0,
1245 954 1384 1024 post
1419 946 1604 1006 breve
1646 953 1887 1022 tempus
1930 945 2211 1023 disjuncti
2245 951 2404 1004 sunt.
2484 944 2568 1004 At
2594 945 2703 1021 qui

570 1071 604 1112 e
639 1050 863 1110 Mundo
921 1051 1237 1125 spirituum
1285 1051 1344 1107 in
1396 1047 1644 1108 Coelum
1697 1049 1972 1118 veniunt,
2027 1052 2087 1105 et
2135 1047 2239 1122 qui
2274 1047 2337 1104 in
2369 1045 2698 1118 Internum,

568 1153 657 1213 illi
701 1169 769 1211 se
817 1158 1034 1229 postea
1082 1166 1202 1208 non
1253 1148 1513 1225 amplius
1561 1148 1793 1223 vident,
1849 1164 1959 1207 nec
2007 1163 2074 1206 se
2127 1152 2525 1223 cognoscunt,
2582 1147 2703 1206 nisi

575 1253 754 1313 simili
799 1255 997 1312 animo
1038 1270 1114 1310 ex
1158 1250 1339 1311 simili
1374 1267 1577 1309 amore
1613 1252 1756 1326 sint3
1795 1265 1982 1309 causa
2020 1247 2177 1325 quod
2217 1250 2279 1307 in
2314 1247 2538 1307 Mundo
2566 1249 2700 1325 spi-

571 1358 814 1428 rituum,
856 1359 916 1412 et
959 1370 1076 1410 non
1112 1354 1174 1410 in
1214 1350 1400 1411 Coelo
1441 1358 1500 1410 et
1544 1350 1816 1420 Insern0,
1855 1365 1924 1409 se
1959 1349 2233 1425 videant,
2279 1356 2372 1408 est
2414 1353 2557 1427 quia
2591 1349 2699 1425 ini,

574 1457 678 1532 qui
716 1457 778 1513 in
812 1452 1033 1512 Mundo
1076 1453 1390 1529 spirituum
1433 1456 1603 1524 sunt,
1639 1452 1915 1510 feruntur
1948 1452 2011 1510 in
2049 1450 2275 1511 similes
2315 1456 2510 1510 status
2548 1465 2702 1528 quos

570 1559 633 1615 in
679 1557 806 1613 vita
845 1556 1113 1629 corporis
1169 1553 1544 1629 habuerunt,
1616 1552 1690 1612 ab
1742 1568 1860 1611 uno
1913 1553 1974 1610 in
2025 1552 2307 1629 alterum3
2373 1557 2436 1611 at
2481 1557 2703 1631 postea

573 1672 781 1716 omnes
818 1653 1169 1731 rediguntur
1214 1657 1276 1713 in
1314 1660 1538 1713 statum
1575 1659 1943 1712 constantem
1974 1653 2232 1713 similem
2267 1655 2452 1712 statui
2479 1654 2702 1713 amoris

578 1758 675 1816 sui
709 1757 1033 1833 regnantis,
1081 1757 1142 1814 in
1178 1773 1295 1832 quo
1326 1756 1663 1832 cognoscit,
1712 1771 1868 1813 unus
1907 1755 2159 1814 alterum
2198 1754 2373 1813 modo
2418 1771 2495 1813 ex
2533 1754 2703 1814 simi-

574 1857 825 1917 litudine
877 1856 1155 1927 amoris,'
1193 1874 1331 1915 nam
1384 1863 1450 1914 ut
1497 1873 1683 1933 supra
1730 1873 1802 1914 n:
1856 1858 1942 1914 41
1980 1855 2058 1914 ad
2092 1856 2179 1915 50
2230 1860 2539 1915 ostensum
2589 1860 2705 1925 est,

576 1957 902 2019 similitudo
939 1958 1246 2036 conjungit
1280 1964 1341 2016 et
1380 1955 1795 2016 dissimilitudo
1824 1955 2126 2034 disjungit.

733 2062 898 2118 428.
970 2057 1229 2117 Mundus
1280 2059 1628 2133 spirituum,
1685 2061 1844 2116 sicut
1891 2062 1985 2116 est
2027 2062 2221 2116 status
2272 2055 2508 2115 medius
2543 2058 2704 2116 inter

574 2159 826 2239 Coelum
870 2163 933 2215 et
970 2160 1127 2215 inter
1167 2158 1469 2216 Infernum
1498 2158 1663 2234 apud
1694 2158 2028 2231 hominem,
2065 2159 2153 2216 ita
2181 2174 2420 2234 quoque
2457 2164 2550 2216 est
2578 2156 2706 2216 Lo-

575 2274 682 2318 cus
720 2257 983 2333 medius;
1038 2258 1192 2315 infra
1226 2264 1366 2316 sunt
1403 2256 1673 2332 Inferna,
1738 2264 1798 2316 et
1836 2273 2023 2334 supra
2059 2265 2200 2317 sunt
2230 2257 2416 2318 Coeli.
2485 2257 2705 2319 Omnia
2808 2335 2815 2345 ρ

574 2359 817 2419 Inferna
856 2358 1065 2417 clausa
1113 2364 1255 2417 sunt
1289 2374 1502 2417 versus
1540 2358 1703 2416 illum
1754 2356 2073 2429 Mundum,
2132 2364 2345 2436 patent
2377 2359 2553 2420 modo
2588 2377 2702 2437 per

576 2461 868 2521 foramina
922 2466 982 2519 et
1019 2459 1267 2519 fissuras
1316 2461 1780 2536 sicut‘rupium,
1851 2476 2080 2536 perque
2126 2459 2326 2518 hiatus
2377 2462 2438 2517 in
2489 2461 2699 2537 latum,

578 2581 735 2641 quae
772 2561 1071 2621 custodita
1123 2569 1296 2637 sunt,
1365 2578 1442 2620 ne
1495 2562 1711 2637 aliquis
1769 2567 1947 2622 exeat
1994 2564 2113 2620 nisi
2163 2580 2238 2621 ex
2286 2563 2704 2638 permissione,

577 2663 741 2741 quod
788 2666 967 2722 etiam
1010 2662 1104 2737 fit,
1168 2663 1476 2740 flagitante
1527 2663 1727 2738 aliqua
1778 2664 2176 2735 necessitate,
2229 2661 2303 2722 de
2340 2680 2460 2739 qua
2499 2666 2561 2723 in
2597 2680 2701 2724 se·-

579 2763 932 2842 quentibus:
988 2762 1236 2822 Coelum
1276 2765 1455 2823 etiam
1490 2763 1893 2840 undequaque
1931 2766 2394 2839 circumseptum
2435 2771 2552 2839 est,
2590 2780 2707 2825 nec

581 2869 752 2941 patet
790 2863 866 2920 ad
909 2863 1172 2938 aliquam
1211 2861 1578 2923 Societatem
1615 2864 1938 2924 coelestem
1975 2865 2171 2924 aditus
2209 2867 2324 2924 nisi
2358 2882 2472 2941 per
2506 2883 2704 2944 angu-

577 2969 734 3021 stam
768 2964 946 3036 viam,
988 2963 1160 3039 cujus
1190 2965 1470 3023 introitus
1500 2966 1680 3023 etiam
1720 2964 2052 3025 custoditus
2097 2972 2219 3025 est:
2274 2965 2361 3025 illi
2399 2969 2592 3027 exitus
2632 2982 2708 3026 ac

480 3131 488 3138 ⁴
580 3063 647 3121 hi
685 3064 963 3121 introitus
1012 3051 1153 3120 sunt
1202 3065 1303 3139 qui
1335 3065 1405 3136 ,in
1453 3063 1659 3124 Verbo
1695 3073 1985 3125 vocantur
2017 3067 2241 3127 Portae
2279 3084 2349 3125 ac
2386 3067 2558 3129 Ostia
2593 3067 2704 3127 In-

579 3164 732 3224 ferni
767 3168 830 3222 et
859 3161 1044 3222 Coeli.
1919 3238 1927 3244 .

736 3268 823 3323 42
841 3268 899 3324 9.
964 3262 1224 3323 Mundus
1262 3265 1581 3342 spirituum
1616 3274 1872 3342 apparet
1907 3269 2064 3327 sicut
2098 3268 2294 3328 Vallis
2330 3273 2486 3331 inter
2519 3269 2700 3329 Mon-

577 3373 671 3427 tes
710 3373 770 3426 et
801 3366 1047 3445 PetraS‚
1086 3365 1185 3424 hic
1224 3372 1285 3425 et
1316 3365 1401 3425 ibi
1435 3367 1737 3426 insinuata
1775 3373 1836 3427 et
1863 3366 2118 3429 elevata.
2185 3369 2405 3431 Portae
2442 3377 2503 3431 et
2529 3369 2707 3431 Ostia

581 3468 661 3528 ad
697 3468 1033 3529 Societates
1071 3466 1370 3527 coelestes
1419 3485 1538 3527 non
1573 3474 1895 3546 apparent,
1957 3470 2152 3529 solum
2202 3470 2321 3530 illis
2363 3475 2466 3550 qui
2516 3489 2703 3549 prae-

575 3572 776 3647 parati
815 3568 891 3627 ad
929 3568 1179 3629 Coelum
1215 3575 1382 3643 sunt,
1437 3586 1553 3629 nec
1601 3571 1985 3630 inveniuntur
2033 3572 2108 3631 ab
2147 3572 2312 3645 aliis;
2368 3574 2446 3632 ad
2485 3589 2702 3650 quam-

579 3668 731 3728 libet
767 3667 1131 3730 Societatem
1168 3687 1201 3729 e
1238 3670 1462 3730 Mundo
1501 3673 1822 3748 spirituum
1873 3688 2030 3731 unus
2066 3675 2345 3734 introitus
2384 3679 2511 3750 est,
2565 3678 2709 3751 post

579 3785 757 3844 quem
809 3787 929 3828 una
977 3773 1104 3843 via,
1170 3769 1280 3830 sed
1330 3790 1483 3847 quae
1526 3774 1587 3830 in
1642 3789 1899 3833 ascensu
1953 3772 2315 3833 divaricatur
2360 3777 2422 3834 in
2472 3775 2703 3853 plures,

577 3868 800 3930 Portae
838 3874 896 3928 et
934 3868 1107 3929 Ostia
1142 3870 1220 3929 ad
1253 3870 1500 3931 Inferna
1536 3890 1646 3934 nec
1699 3881 1996 3951 apparent
2033 3871 2147 3934 nisi
2190 3892 2368 3952 quam
2403 3875 2551 3953 illis,
2603 3878 2711 3955 qui

576 3969 854 4026 intraturi
894 3975 1063 4048 sunt,
1121 3969 1337 4046 quibus
1372 3978 1515 4031 tunc
1553 3976 1932 4051 aperiuntur,
1991 3976 2209 4053 quibus
2244 3980 2469 4053 apertis
2507 3994 2705 4055 appa-

578 4074 714 4127 rent
752 4067 945 4126 Antra
977 4067 1154 4128 furva
1189 4074 1251 4128 et
1284 4070 1439 4129 sicut
1470 4071 1823 4150 fuliginosa,
1888 4076 2194 4137 tendentia
2236 4077 2478 4156 oblique
2519 4079 2706 4138 deor·-

579 4185 714 4228 sum
747 4169 809 4228 in
853 4168 1239 4245 profundum,
1295 4167 1399 4229 ubi
1433 4173 1651 4233 iterum
1698 4173 1873 4251 plura
1926 4180 2081 4236 ostia
2129 4185 2301 4238 sunt:
2354 4197 2466 4257 per
2508 4180 2708 4240 Antra

577 4270 684 4331 illa
718 4270 1074 4332 exhalantur
1112 4271 1350 4333 nidores
1396 4275 1535 4333 tetri
1584 4280 1644 4334 et
1691 4274 1982 4353 foetores,
2049 4296 2200 4356 quos
2256 4280 2397 4340 boni
2450 4282 2705 4359 spiritus
