3013 5114
546 420 879 478 JUCUNDA
920 421 1354 482 VERTUNTUR
1392 424 1465 479 IN
1509 425 2227 488 CORRESPONDENTIA.
2372 440 2481 491 299

357 583 642 662 interiora
689 598 847 656 quae
894 583 1114 640 mentis
1171 599 1374 642 eorum
1422 590 1587 659 sunt,
1644 601 1715 644 ac
1755 585 1932 643 simul
1980 589 2277 646 exteriora
2323 607 2481 665 quae

351 685 622 758 corporis
668 698 904 757 eorum;
966 688 1027 741 et
1063 685 1203 758 quia
1235 683 1456 743 Divina
1488 684 1660 754 Lux,
1710 703 1863 761 quae
1901 694 1992 745 est
2027 688 2313 746 Divinum
2349 688 2481 749 Ve-

350 802 486 843 rum
521 782 859 861 procedens
899 800 936 841 a
972 783 1249 859 Domino,
1286 785 1478 844 influit
1513 786 1576 843 in
1609 792 1841 845 mentes
1879 803 2115 863 eorum,
2172 806 2327 865 quae
2368 808 2481 866 per

353 901 622 945 amorem
668 883 989 942 coelestem
1029 892 1276 960 apertae
1328 891 1502 956 sunt,
1556 887 1692 945 ideo
1727 889 1788 945 in
1825 890 2086 946 externis
2122 890 2279 948 sistit
2316 890 2478 966 talia,

354 1002 513 1062 quae
550 976 1020 1060 correspondent
1049 985 1333 1062 jucundis
1372 989 1592 1046 amoris
1627 986 1899 1047 illorum:
1939 988 2099 1064 quod
2132 989 2269 1064 illa,
2326 1008 2479 1068 quae

356 1086 435 1145 ad
467 1088 661 1144 visum
687 1093 982 1161 apparent
1016 1087 1076 1144 in
1115 1085 1336 1161 Coelis,
1385 1087 1897 1166 correspondeant
1924 1089 2304 1149 interioribus
2341 1093 2471 1150 An-

352 1185 656 1263 gelorum,
713 1202 822 1244 seu
872 1185 990 1245 illis
1045 1204 1201 1261 quae
1245 1195 1385 1246 sunt
1417 1187 1559 1248 fidei
1597 1195 1656 1248 et
1696 1191 1918 1247 amoris
1963 1207 2033 1247 ac
2071 1190 2207 1248 inde
2247 1191 2469 1251 intelli-

349 1289 591 1364 gentiae
639 1288 974 1363 sapientiae
1022 1287 1287 1357 illorum,
1358 1291 1419 1346 in
1471 1288 1778 1363 Articulo‚
1848 1290 1950 1347 ubi
2004 1298 2201 1348 actum
2259 1299 2352 1349 est
2403 1292 2475 1350 dc

347 1388 906 1464 Repraesentativis
947 1396 1006 1446 et
1046 1388 1434 1464 Apparentiis
1476 1392 1537 1448 in
1585 1389 1803 1465 Coelo,
1867 1409 1938 1448 n:
1998 1394 2135 1449 170
2178 1391 2257 1449 ad
2302 1395 2475 1466 1763

351 1495 413 1548 et
445 1491 508 1547 in
544 1488 834 1562 Articulo,
873 1488 974 1546 ubi
1010 1489 1083 1547 de
1122 1489 1434 1566 Sapientia
1467 1489 1837 1566 Angelorum
1874 1489 2060 1564 Coeli,
2099 1510 2167 1548 n:
2217 1494 2354 1551 265
2399 1493 2478 1550 ad

354 1591 529 1663 275,
587 1598 894 1648 ostensum
932 1599 1042 1649 est.
1138 1588 1433 1666 Quoniam
1479 1591 1555 1650 ab
1594 1593 2001 1668 experientiae
2041 1592 2331 1669 exemplis
2376 1595 2471 1651 in-

354 1698 594 1765 ceptum
659 1697 752 1749 est
798 1690 1146 1749 confirmare
1193 1691 1349 1751 hanc
1402 1709 1565 1766 rem,
1638 1697 1705 1750 ut
1752 1692 2126 1751 illustrentur
2189 1711 2344 1769 quae
2400 1712 2476 1753 ex

349 1807 550 1849 rerum
593 1793 790 1849 causis
826 1794 996 1867 prius
1034 1792 1196 1850 dicta
1237 1798 1407 1866 sunt,
1461 1791 1642 1850 velim
1681 1794 1861 1850 etiam
1897 1792 2098 1868 aliqua
2136 1793 2210 1851 de
2237 1793 2471 1853 Jucun-

350 1890 444 1949 dis
501 1891 896 1965 coelestibuS,
965 1895 1025 1949 in
1082 1910 1238 1968 quae
1295 1898 1611 1952 vertuntur
1649 1891 1921 1967 jucunda
1970 1893 2268 1953 naturalia
2314 1895 2476 1969 apud

346 1990 485 2051 illos
517 1994 616 2073 qui
650 1994 710 2049 in
740 1993 987 2052 coelesti
1015 2011 1218 2052 amore
1248 1995 1454 2065 vivunt
1481 1995 1543 2050 in
1584 1991 1825 2062 mundo,
1859 1995 1923 2051 in
1949 1992 2208 2051 medium
2239 1989 2493 2053 afferre.'

347 2092 468 2168 Qui
501 2094 721 2152 Divina
756 2093 921 2153 Vera
957 2113 1026 2154 ac
1060 2094 1326 2153 Verbum
1369 2098 1723 2153 amaverunt
1758 2109 1834 2152 ex
1868 2093 2180 2152 affectione
2216 2094 2468 2153 interio-

344 2212 444 2270 re,
499 2212 612 2254 seu
649 2211 725 2254 ex
760 2195 1072 2255 affectione
1109 2198 1300 2272 ipsius
1343 2195 1521 2265 Veri,
1574 2193 1663 2252 illi
1696 2196 1757 2251 in
1807 2193 2002 2253 altera
2039 2195 2162 2253 vita
2195 2193 2472 2253 habitant

345 2297 409 2354 in
442 2295 611 2364 luce,
654 2297 715 2353 in
753 2296 925 2355 editis
962 2298 1140 2372 lociS,
1203 2315 1357 2375 quae
1406 2301 1704 2372 apparent
1752 2297 1907 2354 sicut
1955 2280 2219 2370 montes,
2288 2303 2346 2355 et
2390 2296 2474 2355 ibi

345 2398 408 2454 in
441 2397 577 2456 luce
617 2395 785 2456 Coeli
827 2402 1100 2459 continue
1129 2405 1296 2475 sunt,
1357 2415 1476 2457 non
1512 2398 1708 2455 sciunt
1749 2395 1889 2471 quid
1933 2396 2218 2455 tenebrae
2257 2396 2470 2472 quales

347 2504 487 2557 sunt
523 2499 714 2556 noctis
751 2499 810 2556 in
849 2499 1103 2575 mundo;
1160 2505 1220 2559 et
1267 2515 1503 2574 quoque
1550 2498 1608 2553 in
1656 2490 1946 2572 temperie
1990 2513 2179 2554 verna
2227 2499 2471 2572 vivunt3

348 2598 426 2657 ad
471 2606 782 2677 aspectum
829 2618 1032 2659 eorum
1085 2602 1376 2659 sistuntur
1412 2598 1587 2675 quasi
1629 2598 1760 2671 agri
1800 2602 1861 2654 et
1896 2612 2156 2670 messeS,
2216 2602 2277 2655 et
2313 2614 2468 2672 quo-

347 2718 463 2776 que
502 2702 746 2776 vineae3
799 2704 862 2759 in
899 2701 1172 2760 domibus
1211 2718 1416 2759 eorum
1451 2696 1684 2773 fulgent
1714 2695 1950 2772 singula
2001 2699 2156 2755 sicut
2193 2714 2267 2754 ex
2303 2696 2464 2773 lapi-

346 2800 521 2860 dibus
560 2804 839 2879 pretiosis
854 2822 871 2877 3
931 2808 1214 2877 aspectus
1267 2818 1472 2859 eorum
1521 2815 1633 2876 per
1680 2796 1977 2855 fenestras
2026 2803 2118 2857 est
2152 2798 2309 2855 sicut
2360 2815 2473 2874 per

344 2920 498 2978 pura
540 2903 827 2979 crystalla
841 2923 857 2978 3
924 2903 1077 2962 haec
1118 2901 1392 2979 jucunda
1426 2903 1603 2964 visus
1632 2916 1838 2958 eorum
1874 2907 2047 2976 sunt,
2108 2897 2220 2957 sed
2257 2898 2467 2958 eadem

342 3003 495 3063 haec
545 3005 796 3062 interius
845 3004 1117 3081 jucunda
1162 3009 1302 3062 sunt
1353 3020 1428 3061 ex
1463 2998 2014 3076 correspondentiis
2053 3018 2188 3060 cum
2232 3000 2467 3058 Divinis

341 3104 740 3174 coelestibu5‚
777 3121 914 3162 nam
948 3081 1300 3179 Vera”quae
1343 3121 1416 3161 ex
1449 3102 1688 3172 Verbo,
1725 3119 1881 3177 quae
1918 3108 2288 3175 amaverunt,
2328 3117 2469 3159 cor-

340 3204 713 3281 respondent
752 3184 1088 3276 Messibus,
1126 3204 1362 3279 Vineis,
1416 3204 1747 3281 Lapidibus
1783 3205 2096 3279 pretiosis,
2153 3203 2463 3261 Fenestris

343 3312 405 3363 et
434 3304 749 3383 Crystallis
782 3302 888 3388 (x).
944 3306 1041 3366 Illi
1071 3309 1173 3383 qui
1200 3306 1553 3365 doctrinalia
1582 3305 1912 3376 Ecclesiae,
1950 3321 2103 3379 quae
2139 3319 2213 3360 ex
2240 3300 2467 3370 Verbo,

342 3408 545 3463 statim
574 3407 992 3481 applicuerunt
1012 3410 1194 3482 vitae,
1233 3409 1294 3465 in
1322 3408 1528 3464 intimo
1558 3405 1743 3465 Coelo
1782 3410 1938 3475 sunt,
1980 3420 2049 3460 ac
2079 3420 2225 3478 prae
2260 3407 2466 3459 caete·-

343 3506 427 3562 ris
462 3507 523 3562 in
549 3506 817 3581 jucundo
853 3511 1222 3585 sapientiae3
1276 3509 1338 3564 in
1382 3504 1633 3581 singulis
1681 3504 1935 3580 objectis
1975 3501 2180 3561 vident
2213 3501 2468 3575 Divina3

497 3779 584 3845 (ι)
629 3778 801 3855 Quod
842 3779 1048 3833 Messis
1095 3779 1152 3831 in
1196 3778 1396 3832 Verbo
1440 3778 1725 3852 significet
1765 3789 1972 3834 statum
2015 3778 2369 3852 receptionis
2412 3793 2468 3836 et

338 3856 684 3910 incrementi
728 3856 854 3909 veri
898 3873 966 3909 ex
1006 3856 1186 3919 bono,
1230 3873 1294 3907 n:
1342 3863 1509 3916 9294.
1576 3854 1738 3921 Quod
1784 3873 1945 3927 seges
1987 3867 2138 3909 stans
2182 3858 2469 3929 significet

339 3950 545 3987 verum
587 3931 648 3985 in
702 3933 1123 4005 conceptione,
1177 3950 1245 3985 n:
1292 3940 1457 3992 9146.
1543 3932 1713 4008 Quod
1754 3933 1959 3987 vineae
2001 3933 2324 4005 significent
2363 3936 2467 3988 Ec-

336 4009 572 4062 clesiam
616 4008 1010 4080 spiritualem,
1071 4027 1136 4064 ac
1190 4026 1330 4062 vera
1373 4009 1530 4062 illius
1575 4010 1899 4075 Ecclesiae,
1962 4028 2031 4062 n:
2078 4019 2246 4072 1069.
2291 4019 2464 4070 9139.
2545 4063 2546 4066 ,

342 4082 507 4148 Quod
546 4084 768 4156 lapides
807 4086 1051 4159 pretiosi
1096 4086 1421 4158 significent
1460 4102 1600 4140 vera
1656 4086 1806 4141 coeli
1863 4095 1921 4141 ct
1962 4088 2242 4140 ecclesiae
2282 4086 2465 4157 pellu-

338 4160 526 4213 centia
569 4177 635 4214 ex
675 4161 856 4227 bono,
902 4181 969 4215 n:
1018 4170 1147 4224 114.
1193 4169 1362 4224 9863.
1407 4170 1576 4224 9865·
1623 4171 1793 4224 9868.
1837 4172 2007 4224 9873.
2053 4171 2219 4223 9905·
2296 4160 2461 4225 Quod

337 4235 590 4290 fenestra
632 4238 913 4310 significet
953 4240 1343 4294 intellectuale
1385 4239 1544 4311 quod
1585 4250 1670 4293 est
1710 4241 1869 4293 visus
1914 4239 2160 4300 interni,
2219 4254 2288 4287 n:
2336 4245 2464 4294 655.

341 4319 471 4373 658.
516 4320 681 4375 3391.
