3013 5114
474 414 678 471 HOMO
719 415 902 472 POST
942 415 1249 473 MORTEM
1290 418 1424 472 EST
1462 419 1535 485 IN
1579 419 1758 473 OMNI
1801 423 2045 487 sEN5U,
2090 424 2249 479 ETC.
2333 435 2442 488 279

322 584 415 637 est
461 579 564 636 lux
611 577 811 650 Coeli,
876 580 1079 638 videre
1129 583 1395 657 possint:
1453 580 1738 639 orbantur
1786 580 1919 640 ideo
1971 584 2030 639 in
2081 582 2272 642 altera
2319 588 2442 644 vita

319 680 605 739 facultate
633 680 1056 753 ratiocinandi,
1094 698 1169 739 ne
1203 681 1593 741 disseminent
1619 681 1775 740 falsa
1807 699 1916 758 per
1952 686 2261 743 ratiocinia
2288 688 2442 745 inter

317 780 625 858 simplices
660 779 896 867 bonos,
940 789 998 840 et
1045 781 1365 857 seducant3
1424 799 1492 841 ac
1545 783 1853 841 mittuntur
1901 785 1960 841 in
2008 783 2143 843 loca
2178 784 2436 845 deserta.

476 883 640 940 465.
707 882 963 959 Quidam
1000 885 1247 959 spiritus
1285 883 1666 959 indignatus,
1720 883 1881 959 quod
1925 900 2044 942 non
2077 887 2445 948 meminisset

317 970 581 1059 plurium
618 992 772 1057 quae
808 985 868 1042 in
904 984 1027 1040 vita
1065 986 1331 1060 corporis
1359 986 1540 1058 novit,
1581 983 1788 1043 dolens
1822 984 1897 1044 ob
1925 984 2253 1062 jucundum
2284 988 2444 1063 quod

322 1085 536 1157 amisit,
577 1101 693 1159 quo
731 1086 985 1142 maxime
1015 1083 1351 1170 delectatus
1379 1085 1606 1158 fuerat;
1643 1086 1751 1144 sed
1789 1085 2011 1144 dictum
2051 1093 2143 1145 est
2169 1090 2241 1162 ei,
2283 1090 2444 1165 quod

317 1200 566 1261 prorsus
621 1184 766 1243 nihil
813 1187 1111 1260 amiserit,
1181 1192 1241 1244 et
1292 1187 1452 1262 quod
1499 1188 1651 1244 sciat
1701 1188 1898 1245 omnia
1953 1192 2012 1245 et
2058 1188 2324 1264 singula3
2382 1195 2443 1249 et

319 1285 479 1361 quod
534 1288 594 1342 in
646 1285 750 1344 illo
806 1286 1054 1360 mund0,
1111 1286 1412 1369 ubi-nunc
1452 1294 1578 1361 est,
1634 1304 1751 1345 non
1797 1288 1980 1347 liceat
2029 1289 2080 1346 ei
2128 1288 2274 1346 talia·
2327 1290 2434 1348 de-

275 1394 619 1463 promere,
681 1392 741 1446 et
788 1387 947 1463 quod
986 1389 1135 1446 satis
1184 1389 1290 1458 sit,
1350 1388 1508 1465 quod
1558 1405 1713 1446 nunc
1764 1391 1957 1464 possit
1998 1388 2183 1447 multo
2226 1390 2439 1448 melius

314 1495 375 1546 et
410 1487 740 1564 perfectius
794 1491 1065 1564 cogitare
1115 1496 1177 1549 et
1222 1487 1415 1565 loqui,
1471 1507 1583 1548 nec
1627 1489 1920 1548 rationale
1971 1505 2142 1548 suum
2192 1491 2435 1550 immer-

315 1606 494 1666 gere,
544 1597 612 1647 ut
647 1591 851 1666 priuS,
912 1589 1114 1649 densis
1153 1589 1455 1663 obscuris,
1515 1590 1954 1663 materialibus,
2013 1596 2072 1648 et
2110 1595 2436 1668 corporeiS,

317 1708 472 1766 quae
508 1689 731 1748 nullius
772 1706 920 1748 usus
957 1699 1097 1749 sunt
1130 1692 1191 1749 in
1224 1690 1434 1768 Regno
1473 1695 1533 1749 in
1575 1691 1733 1768 quod
1768 1709 1924 1751 nunc
1958 1693 2151 1766 venit3
2194 1699 2254 1751 et
2280 1693 2441 1770 quod

311 1809 470 1849 nunc
512 1789 737 1849 habeat
782 1791 1064 1866 quicquid
1111 1792 1188 1850 ad
1235 1808 1408 1850 usum
1452 1796 1611 1851 vitae
1666 1799 1947 1852 aeternae
1999 1780 2322 1865 conducat,
2378 1801 2439 1853 et

309 1892 470 1968 quod
507 1893 594 1952 sic
631 1910 748 1950 non
785 1891 958 1950 aliter
991 1895 1188 1969 possit
1227 1892 1440 1950 beatus
1482 1899 1543 1950 et
1578 1892 1719 1951 felix
1749 1893 1906 1971 fieri3
1961 1896 2044 1950 ita
2073 1894 2233 1969 quod
2261 1896 2434 1969 igno-

309 1995 539 2051 rantiae
596 1993 675 2050 sit
724 1992 1003 2068 credere,
1061 1993 1220 2068 quod
1272 1996 1332 2051 in
1379 1994 1492 2052 hoc
1543 1993 1754 2070 Regno
1808 2009 1939 2051 cum
1996 1995 2321 2052 remotione
2379 1999 2449 2075 et

310 2095 681 2169 quiescentia
747 2093 1142 2152 materialium
1205 2096 1262 2152 in
1325 2097 1645 2170 memoria,
1738 2093 2133 2169 intelligentia
2194 2100 2437 2170 pereat3

305 2212 446 2254 cum
505 2202 707 2254 tamen
760 2210 859 2253 res
914 2197 998 2253 ita
1042 2212 1108 2254 se
1161 2194 1375 2271 habet,
1443 2196 1601 2271 quod
1650 2201 1937 2273 quantum
1994 2213 2161 2254 mens
2219 2195 2435 2254 abduci

306 2302 510 2373 potest
556 2314 592 2353 a
632 2296 1014 2356 sensualibus
1056 2315 1209 2373 quae
1248 2304 1389 2355 sunt
1426 2300 1658 2357 externi
1694 2297 1949 2355 hominis
1996 2314 2104 2355 seu
2144 2299 2430 2373 corporiS,

305 2404 534 2456 tantum
572 2397 843 2457 elevetur
870 2398 947 2456 ad
987 2398 1327 2473 spiritualia
1366 2406 1424 2456 et
1460 2398 1767 2457 coelestia.

445 2501 532 2557 46
549 2500 606 2557 6.
648 2497 874 2576 Quales
898 2504 1038 2557 sunt
1058 2498 1401 2572 Memoriae,
1432 2498 1791 2575 quandoque
1812 2500 1871 2556 in
1900 2497 2092 2555 altera
2119 2499 2244 2560 vita
2270 2499 2432 2555 sisti-

306 2606 405 2658 tur
440 2601 759 2659 videndum
796 2603 856 2659 in
892 2601 1096 2658 formis
1136 2600 1216 2659 ibi
1253 2600 1445 2658 solum
1486 2598 1937 2675 apparentibus,
1984 2593 2085 2678 (ad
2121 2600 2315 2656 visum
2352 2599 2434 2656 ibi

307 2700 483 2777 plura
521 2705 844 2776 sistuntur,
888 2717 1041 2778 quae
1083 2700 1345 2776 alioquin
1382 2700 1544 2777 apud
1580 2699 1850 2758 homines
1887 2698 2081 2757 solum
2119 2698 2340 2758 cadunt
2374 2702 2434 2757 in

305 2785 501 2883 ideas)
519 2823 535 2878 3
577 2804 865 2861 Memoria
895 2804 1154 2860 exterior
1174 2802 1254 2859 ibi
1291 2803 1525 2860 sistitur
1552 2801 1629 2859 ad
1651 2802 2065 2877 apparentiam
2087 2801 2275 2857 instar
2292 2799 2435 2861 Cal-

300 2903 375 2978 li,
414 2906 665 2963 interior
705 2906 895 2961 instar
936 2902 1323 2961 Substantias
1361 2901 1761 2976 medullosae,
1821 2900 2012 2979 qualis
2060 2903 2121 2958 in
2168 2899 2431 2960 Cerebro

296 3004 592 3080 humana3
647 3005 784 3064 inde
834 2985 1071 3081 quoque
1113 3006 1266 3062 scire
1305 3004 1508 3077 datur,
1575 3002 1785 3078 quales
1821 3009 1976 3061 sunt.
2059 3001 2178 3078 Qui
2210 3004 2267 3060 in
2306 3005 2432 3061 vita

302 3108 569 3184 corporis
607 3107 721 3164 soli
756 3106 1080 3163 memoriae
1116 3105 1502 3179 studuerunt,
1551 3111 1610 3163 et
1638 3107 1724 3163 sic
1761 3103 2078 3164 Rationale
2108 3120 2281 3162 suum
2312 3120 2429 3162 non

301 3206 722 3282 excoluerunt,
790 3205 1097 3265 callositas
1155 3223 1360 3266 eorum
1403 3213 1661 3283 apparet
1698 3205 1881 3281 dura,
1938 3223 2009 3264 ac
2057 3208 2217 3264 intus
2269 3207 2428 3264 sicut

303 3326 376 3366 ex
415 3307 756 3366 tendinibus
797 3309 1024 3366 striata.
1084 3307 1201 3383 Qui
1236 3308 1634 3384 impleverunt
1659 3307 2008 3366 Memoriam
2045 3304 2427 3380 falsitatibuS,

300 3415 557 3483 apparet
593 3410 931 3484 capillacea
969 3416 1027 3467 et
1073 3409 1337 3481 hirsuta,
1395 3417 1455 3467 et
1500 3409 1618 3466 hoc
1665 3424 1739 3465 ex
1776 3407 2054 3482 congerie
2094 3405 2432 3462 inordinata

300 3524 522 3565 rerum.
594 3508 710 3583 Qui
742 3511 1066 3567 memoriae
1105 3510 1466 3568 studuerunt
1509 3509 1728 3564 amoris
1765 3509 1854 3564 sui
1894 3512 1954 3565 et
1989 3504 2190 3564 mundi
2226 3520 2431 3575 causa,

302 3613 562 3683 apparet
599 3609 1008 3682 conglutinata
1056 3626 1126 3667 ac
1180 3609 1500 3667 ossificata.
1586 3606 1703 3681 Qui
1741 3624 1851 3683 per
1902 3605 2257 3680 scientifica,
2312 3607 2426 3663 im·
2527 3668 2529 3670 .

300 3707 511 3785 primis
546 3723 660 3783 per
704 3707 1163 3782 Philosophica,
1220 3711 1279 3766 in
1323 3709 1562 3765 Arcana
1599 3706 1820 3765 Divina
1858 3713 2175 3784 penetrare
2212 3705 2426 3765 volue-

298 3815 469 3879 runt,
522 3825 634 3868 nec
675 3810 844 3885 prius
888 3807 1136 3866 credere
1192 3826 1369 3884 quam
1408 3824 1542 3865 cum
1590 3825 1700 3884 per
1751 3807 1855 3866 illa
1896 3807 2423 3886 persuaderentur,

297 3912 460 3989 apud
498 3909 636 3968 illos
676 3915 931 3986 apparet
977 3909 1267 3968 Memoria
1317 3908 1723 3984 tenebricosa,
1789 3927 1942 3986 quae
1986 3908 2124 3968 talis
2171 3916 2423 3969 naturae

302 4020 428 4086 est,
483 4019 551 4070 ut
590 4011 791 4071 radios
833 4011 984 4070 lucis
1042 4010 1393 4084 absorbeat,
1466 4018 1526 4069 et
1573 4012 1634 4068 in
1683 4011 1963 4070 tenebras
2001 4018 2214 4070 vertat.
2307 4010 2426 4085 Qui

303 4112 527 4186 dolosi,
584 4119 644 4171 et
682 4114 1037 4190 hypocritae
1088 4112 1356 4183 suerunt,
1424 4113 1586 4189 apud
1633 4112 1768 4172 illos
1819 4120 2076 4190 apparet
2120 4112 2225 4170 illa
2275 4110 2424 4169 dure

301 4230 480 4273 ossea
515 4215 674 4273 sicut
702 4214 986 4286 eburnea,
1027 4232 1181 4291 quae
1219 4214 1473 4274 reflectit
1508 4214 1709 4273 radios
1745 4214 1916 4273 lucis.
1975 4213 2095 4289 Qui
2131 4220 2329 4271 autem
2365 4213 2425 4269 in

294 4313 451 4373 bono
491 4318 707 4375 amoris
746 4323 806 4374 et
844 4319 1001 4375 veris
1041 4315 1176 4374 fidei
1218 4317 1488 4389 suerunt,
1546 4316 1705 4391 apud
1747 4332 1850 4374 eos
1890 4314 2026 4372 talis
2064 4312 2251 4371 callus
2306 4327 2422 4368 non
