<?xml version="1.0" encoding="UTF-8"?>
<!DOCTYPE html PUBLIC "-//W3C//DTD XHTML 1.0 Transitional//EN"
    "http://www.w3.org/TR/xhtml1/DTD/xhtml1-transitional.dtd">
<html xmlns="http://www.w3.org/1999/xhtml" xml:lang="en" lang="en">
 <head>
  <title>
</title>
<meta http-equiv="Content-Type" content="text/html;charset=utf-8" />
  <meta name='ocr-system' content='tesseract 3.04.00' />
  <meta name='ocr-capabilities' content='ocr_page ocr_carea ocr_par ocr_line ocrx_word'/>
</head>
<body>
  <div class='ocr_page' id='page_1' title='image "./decoeloetejusmi00tafegoog_0324.png"; bbox 0 0 3013 5114; ppageno 0'>
   <div class='ocr_carea' id='block_1_1' title="bbox 590 426 2096 507">
    <p class='ocr_par' dir='ltr' id='par_1_1' title="bbox 590 426 2096 507">
     <span class='ocr_line' id='line_1_1' title="bbox 590 426 2096 507; baseline -0.009 0"><span class='ocrx_word' id='word_1_1' title='bbox 590 456 697 507; x_wconf 76' lang='lat' dir='ltr'>31s</span> <span class='ocrx_word' id='word_1_2' title='bbox 1202 440 1295 495; x_wconf 79' lang='lat' dir='ltr'>DE</span> <span class='ocrx_word' id='word_1_3' title='bbox 1338 438 1580 495; x_wconf 81' lang='lat' dir='ltr'>coELo</span> <span class='ocrx_word' id='word_1_4' title='bbox 1623 439 1718 493; x_wconf 82' lang='grc' dir='ltr'>ΕΤ</span> <span class='ocrx_word' id='word_1_5' title='bbox 1757 426 2096 495; x_wconf 66' lang='lat' dir='ltr'>INFERNO.</span> 
     </span>
    </p>
   </div>
   <div class='ocr_carea' id='block_1_2' title="bbox 584 598 2742 3909">
    <p class='ocr_par' dir='ltr' id='par_1_2' title="bbox 586 598 2721 1271">
     <span class='ocr_line' id='line_1_2' title="bbox 590 598 2718 680; baseline -0.005 -12"><span class='ocrx_word' id='word_1_6' title='bbox 590 618 651 667; x_wconf 92' lang='lat' dir='ltr'>et</span> <span class='ocrx_word' id='word_1_7' title='bbox 687 613 920 666; x_wconf 89' lang='lat' dir='ltr'>rectum</span> <span class='ocrx_word' id='word_1_8' title='bbox 947 608 1216 680; x_wconf 87' lang='lat' dir='ltr'>egerunt,</span> <span class='ocrx_word' id='word_1_9' title='bbox 1254 619 1373 659; x_wconf 91' lang='lat' dir='ltr'>non</span> <span class='ocrx_word' id='word_1_10' title='bbox 1407 603 1493 660; x_wconf 82' lang='lat' dir='ltr'>ita</span> <span class='ocrx_word' id='word_1_11' title='bbox 1531 607 1780 677; x_wconf 90' lang='lat' dir='ltr'>propter</span> <span class='ocrx_word' id='word_1_12' title='bbox 1814 599 1983 676; x_wconf 84' lang='lat' dir='ltr'>leges</span> <span class='ocrx_word' id='word_1_13' title='bbox 2009 599 2315 676; x_wconf 86' lang='lat' dir='ltr'>regiminis</span> <span class='ocrx_word' id='word_1_14' title='bbox 2344 613 2569 672; x_wconf 89' lang='lat' dir='ltr'>eorum,</span> <span class='ocrx_word' id='word_1_15' title='bbox 2607 598 2718 657; x_wconf 86' lang='lat' dir='ltr'>sed</span> 
     </span>
     <span class='ocr_line' id='line_1_3' title="bbox 586 696 2718 787; baseline -0.005 -21"><span class='ocrx_word' id='word_1_16' title='bbox 586 714 841 787; x_wconf 90' lang='lat' dir='ltr'>propter</span> <span class='ocrx_word' id='word_1_17' title='bbox 875 705 1045 781; x_wconf 88' lang='lat' dir='ltr'>leges</span> <span class='ocrx_word' id='word_1_18' title='bbox 1074 703 1402 779; x_wconf 83' lang='lat' dir='ltr'>religionis,</span> <span class='ocrx_word' id='word_1_19' title='bbox 1441 717 1595 776; x_wconf 88' lang='lat' dir='ltr'>quas</span> <span class='ocrx_word' id='word_1_20' title='bbox 1623 700 2006 761; x_wconf 88' lang='lat' dir='ltr'>crediderunt</span> <span class='ocrx_word' id='word_1_21' title='bbox 2041 707 2247 759; x_wconf 90' lang='lat' dir='ltr'>sancte</span> <span class='ocrx_word' id='word_1_22' title='bbox 2286 696 2718 771; x_wconf 83' lang='lat' dir='ltr'>observandas,</span> 
     </span>
     <span class='ocr_line' id='line_1_4' title="bbox 589 798 2717 884; baseline -0.003 -17"><span class='ocrx_word' id='word_1_23' title='bbox 589 827 661 867; x_wconf 89' lang='lat' dir='ltr'>ac</span> <span class='ocrx_word' id='word_1_24' title='bbox 700 807 864 866; x_wconf 87' lang='lat' dir='ltr'>nullo</span> <span class='ocrx_word' id='word_1_25' title='bbox 918 805 1094 864; x_wconf 88' lang='lat' dir='ltr'>modo</span> <span class='ocrx_word' id='word_1_26' title='bbox 1139 804 1315 862; x_wconf 83' lang='lat' dir='ltr'>factis</span> <span class='ocrx_word' id='word_1_27' title='bbox 1368 802 1719 877; x_wconf 78' lang='lat' dir='ltr'>violandas3</span> <span class='ocrx_word' id='word_1_28' title='bbox 1774 817 1982 884; x_wconf 82' lang='lat' dir='ltr'>omnes</span> <span class='ocrx_word' id='word_1_29' title='bbox 2027 800 2091 859; x_wconf 91' lang='lat' dir='ltr'>hi</span> <span class='ocrx_word' id='word_1_30' title='bbox 2139 798 2219 859; x_wconf 90' lang='lat' dir='ltr'>ad</span> <span class='ocrx_word' id='word_1_31' title='bbox 2267 799 2717 878; x_wconf 88' lang='lat' dir='ltr'>agnoscendum</span> 
     </span>
     <span class='ocr_line' id='line_1_5' title="bbox 587 900 2718 982; baseline -0.004 -12"><span class='ocrx_word' id='word_1_32' title='bbox 587 910 943 976; x_wconf 89' lang='lat' dir='ltr'>Dominum,</span> <span class='ocrx_word' id='word_1_33' title='bbox 998 904 1235 982; x_wconf 88' lang='lat' dir='ltr'>quando</span> <span class='ocrx_word' id='word_1_34' title='bbox 1279 905 1558 963; x_wconf 74' lang='lat' dir='ltr'>instructi</span> <span class='ocrx_word' id='word_1_35' title='bbox 1613 907 1781 977; x_wconf 88' lang='lat' dir='ltr'>sunt,</span> <span class='ocrx_word' id='word_1_36' title='bbox 1850 900 2263 979; x_wconf 87' lang='lat' dir='ltr'>perducuntur</span> <span class='ocrx_word' id='word_1_37' title='bbox 2309 901 2524 971; x_wconf 77' lang='lat' dir='ltr'>facile,</span> <span class='ocrx_word' id='word_1_38' title='bbox 2575 903 2718 979; x_wconf 86' lang='lat' dir='ltr'>quia</span> 
     </span>
     <span class='ocr_line' id='line_1_6' title="bbox 589 1002 2717 1089; baseline -0.003 -20"><span class='ocrx_word' id='word_1_39' title='bbox 589 1010 767 1069; x_wconf 91' lang='lat' dir='ltr'>corde</span> <span class='ocrx_word' id='word_1_40' title='bbox 798 1014 1019 1089; x_wconf 24' lang='lat' dir='ltr'>‘gerunt</span> <span class='ocrx_word' id='word_1_41' title='bbox 1054 1005 1215 1083; x_wconf 92' lang='lat' dir='ltr'>quod</span> <span class='ocrx_word' id='word_1_42' title='bbox 1258 1005 1429 1064; x_wconf 88' lang='lat' dir='ltr'>Deus</span> <span class='ocrx_word' id='word_1_43' title='bbox 1476 1021 1594 1063; x_wconf 92' lang='lat' dir='ltr'>non</span> <span class='ocrx_word' id='word_1_44' title='bbox 1636 1002 1953 1063; x_wconf 74' lang='lat' dir='ltr'>invisibilis</span> <span class='ocrx_word' id='word_1_45' title='bbox 1993 1005 2101 1077; x_wconf 88' lang='lat' dir='ltr'>sit,</span> <span class='ocrx_word' id='word_1_46' title='bbox 2167 1002 2277 1063; x_wconf 88' lang='lat' dir='ltr'>sed</span> <span class='ocrx_word' id='word_1_47' title='bbox 2311 1002 2566 1062; x_wconf 84' lang='lat' dir='ltr'>visibilis</span> <span class='ocrx_word' id='word_1_48' title='bbox 2600 1003 2717 1062; x_wconf 88' lang='lat' dir='ltr'>sub</span> 
     </span>
     <span class='ocr_line' id='line_1_7' title="bbox 589 1104 2721 1183; baseline -0.002 -14"><span class='ocrx_word' id='word_1_49' title='bbox 589 1111 869 1169; x_wconf 88' lang='lat' dir='ltr'>Humana</span> <span class='ocrx_word' id='word_1_50' title='bbox 904 1109 1125 1167; x_wconf 84' lang='lat' dir='ltr'>forma:</span> <span class='ocrx_word' id='word_1_51' title='bbox 1179 1107 1241 1166; x_wconf 91' lang='lat' dir='ltr'>hi</span> <span class='ocrx_word' id='word_1_52' title='bbox 1277 1107 1542 1183; x_wconf 86' lang='lat' dir='ltr'>reliquos</span> <span class='ocrx_word' id='word_1_53' title='bbox 1571 1121 1823 1165; x_wconf 89' lang='lat' dir='ltr'>numero</span> <span class='ocrx_word' id='word_1_54' title='bbox 1860 1104 2191 1181; x_wconf 77' lang='lat' dir='ltr'>excedunt3</span> <span class='ocrx_word' id='word_1_55' title='bbox 2235 1104 2474 1164; x_wconf 89' lang='lat' dir='ltr'>illorum</span> <span class='ocrx_word' id='word_1_56' title='bbox 2510 1107 2721 1180; x_wconf 85' lang='lat' dir='ltr'>optimi</span> 
     </span>
     <span class='ocr_line' id='line_1_8' title="bbox 590 1210 1099 1271; baseline -0.008 -1"><span class='ocrx_word' id='word_1_57' title='bbox 590 1222 734 1271; x_wconf 90' lang='lat' dir='ltr'>sunt</span> <span class='ocrx_word' id='word_1_58' title='bbox 770 1228 844 1270; x_wconf 84' lang='lat' dir='ltr'>cx</span> <span class='ocrx_word' id='word_1_59' title='bbox 878 1210 1099 1268; x_wconf 85' lang='lat' dir='ltr'>Africa.</span> 
     </span>
    </p>

    <p class='ocr_par' dir='ltr' id='par_1_3' title="bbox 589 1305 2742 2393">
     <span class='ocr_line' id='line_1_9' title="bbox 756 1305 2724 1381; baseline -0.002 -11"><span class='ocrx_word' id='word_1_60' title='bbox 756 1312 914 1371; x_wconf 86' lang='lat'>515.</span> <span class='ocrx_word' id='word_1_61' title='bbox 996 1310 1117 1369; x_wconf 83' lang='lat' dir='ltr'>Sed</span> <span class='ocrx_word' id='word_1_62' title='bbox 1169 1325 1376 1368; x_wconf 86' lang='lat' dir='ltr'>omnes</span> <span class='ocrx_word' id='word_1_63' title='bbox 1424 1326 1546 1366; x_wconf 92' lang='lat' dir='ltr'>non</span> <span class='ocrx_word' id='word_1_64' title='bbox 1595 1307 1776 1367; x_wconf 84' lang='lat' dir='ltr'>simili</span> <span class='ocrx_word' id='word_1_65' title='bbox 1817 1305 1994 1366; x_wconf 92' lang='lat' dir='ltr'>modo</span> <span class='ocrx_word' id='word_1_66' title='bbox 2038 1308 2448 1381; x_wconf 87' lang='lat' dir='ltr'>instruuntur,</span> <span class='ocrx_word' id='word_1_67' title='bbox 2515 1323 2627 1366; x_wconf 88' lang='lat' dir='ltr'>nec</span> <span class='ocrx_word' id='word_1_68' title='bbox 2682 1324 2724 1366; x_wconf 87' lang='lat' dir='ltr'>a</span> 
     </span>
     <span class='ocr_line' id='line_1_10' title="bbox 595 1405 2719 1483; baseline -0.003 -10"><span class='ocrx_word' id='word_1_69' title='bbox 595 1413 889 1474; x_wconf 88' lang='lat' dir='ltr'>similibus</span> <span class='ocrx_word' id='word_1_70' title='bbox 936 1409 1341 1470; x_wconf 77' lang='lat' dir='ltr'>societatibus</span> <span class='ocrx_word' id='word_1_71' title='bbox 1381 1407 1563 1468; x_wconf 88' lang='lat' dir='ltr'>coeli:</span> <span class='ocrx_word' id='word_1_72' title='bbox 1617 1408 1707 1466; x_wconf 90' lang='lat' dir='ltr'>illi</span> <span class='ocrx_word' id='word_1_73' title='bbox 1757 1411 1859 1483; x_wconf 89' lang='lat' dir='ltr'>qui</span> <span class='ocrx_word' id='word_1_74' title='bbox 1895 1408 1970 1466; x_wconf 91' lang='lat' dir='ltr'>ab</span> <span class='ocrx_word' id='word_1_75' title='bbox 2008 1407 2261 1465; x_wconf 86' lang='lat' dir='ltr'>infantia</span> <span class='ocrx_word' id='word_1_76' title='bbox 2294 1405 2533 1467; x_wconf 86' lang='lat' dir='ltr'>educati</span> <span class='ocrx_word' id='word_1_77' title='bbox 2575 1415 2719 1467; x_wconf 84' lang='lat' dir='ltr'>sunt</span> 
     </span>
     <span class='ocr_line' id='line_1_11' title="bbox 592 1508 2717 1586; baseline -0.003 -12"><span class='ocrx_word' id='word_1_78' title='bbox 592 1518 654 1573; x_wconf 91' lang='lat' dir='ltr'>in</span> <span class='ocrx_word' id='word_1_79' title='bbox 681 1512 883 1584; x_wconf 84' lang='lat' dir='ltr'>Coelo,</span> <span class='ocrx_word' id='word_1_80' title='bbox 915 1515 1287 1569; x_wconf 83' lang='lat' dir='ltr'>instruuntur</span> <span class='ocrx_word' id='word_1_81' title='bbox 1324 1509 1399 1567; x_wconf 92' lang='lat' dir='ltr'>ab</span> <span class='ocrx_word' id='word_1_82' title='bbox 1426 1510 1678 1586; x_wconf 84' lang='lat' dir='ltr'>Angelis</span> <span class='ocrx_word' id='word_1_83' title='bbox 1705 1511 2050 1569; x_wconf 88' lang='lat' dir='ltr'>interiorum</span> <span class='ocrx_word' id='word_1_84' title='bbox 2078 1508 2406 1585; x_wconf 88' lang='lat' dir='ltr'>coelorum,</span> <span class='ocrx_word' id='word_1_85' title='bbox 2438 1511 2717 1585; x_wconf 90' lang='lat' dir='ltr'>quoniam</span> 
     </span>
     <span class='ocr_line' id='line_1_12' title="bbox 590 1610 2720 1687; baseline -0.004 -13"><span class='ocrx_word' id='word_1_86' title='bbox 590 1631 708 1674; x_wconf 91' lang='lat' dir='ltr'>non</span> <span class='ocrx_word' id='word_1_87' title='bbox 745 1613 902 1671; x_wconf 85' lang='lat' dir='ltr'>falsa</span> <span class='ocrx_word' id='word_1_88' title='bbox 935 1611 1298 1670; x_wconf 89' lang='lat' dir='ltr'>imbiberunt</span> <span class='ocrx_word' id='word_1_89' title='bbox 1326 1628 1401 1669; x_wconf 80' lang='lat' dir='ltr'>ex</span> <span class='ocrx_word' id='word_1_90' title='bbox 1435 1611 1604 1670; x_wconf 84' lang='lat' dir='ltr'>falsis</span> <span class='ocrx_word' id='word_1_91' title='bbox 1641 1610 1983 1687; x_wconf 80' lang='lat' dir='ltr'>religionis,</span> <span class='ocrx_word' id='word_1_92' title='bbox 2018 1626 2131 1669; x_wconf 87' lang='lat' dir='ltr'>nec</span> <span class='ocrx_word' id='word_1_93' title='bbox 2166 1611 2351 1668; x_wconf 88' lang='lat' dir='ltr'>vitam</span> <span class='ocrx_word' id='word_1_94' title='bbox 2389 1626 2563 1668; x_wconf 89' lang='lat' dir='ltr'>suam</span> <span class='ocrx_word' id='word_1_95' title='bbox 2586 1613 2720 1686; x_wconf 80' lang='lat' dir='ltr'>spi.</span> 
     </span>
     <span class='ocr_line' id='line_1_13' title="bbox 591 1706 2742 1789; baseline -0 -17"><span class='ocrx_word' id='word_1_96' title='bbox 591 1713 869 1772; x_wconf 89' lang='lat' dir='ltr'>ritualem</span> <span class='ocrx_word' id='word_1_97' title='bbox 907 1715 1372 1789; x_wconf 86' lang='lat' dir='ltr'>inquinaverunt</span> <span class='ocrx_word' id='word_1_98' title='bbox 1415 1714 1840 1771; x_wconf 88' lang='lat' dir='ltr'>crassamentis</span> <span class='ocrx_word' id='word_1_99' title='bbox 1896 1729 1971 1770; x_wconf 84' lang='lat' dir='ltr'>ex</span> <span class='ocrx_word' id='word_1_100' title='bbox 2020 1709 2349 1769; x_wconf 87' lang='lat' dir='ltr'>honoribus</span> <span class='ocrx_word' id='word_1_101' title='bbox 2401 1717 2460 1768; x_wconf 89' lang='lat' dir='ltr'>et</span> <span class='ocrx_word' id='word_1_102' title='bbox 2494 1706 2742 1771; x_wconf 76' lang='lat' dir='ltr'>divitiis‘</span> 
     </span>
     <span class='ocr_line' id='line_1_14' title="bbox 589 1812 2723 1889; baseline -0.001 -16"><span class='ocrx_word' id='word_1_103' title='bbox 589 1819 651 1874; x_wconf 85' lang='lat' dir='ltr'>in</span> <span class='ocrx_word' id='word_1_104' title='bbox 687 1815 928 1873; x_wconf 90' lang='lat' dir='ltr'>mundo.</span> <span class='ocrx_word' id='word_1_105' title='bbox 993 1812 1115 1889; x_wconf 86' lang='lat' dir='ltr'>Qui</span> <span class='ocrx_word' id='word_1_106' title='bbox 1163 1812 1353 1872; x_wconf 82' lang='lat' dir='ltr'>adulti</span> <span class='ocrx_word' id='word_1_107' title='bbox 1403 1814 1622 1873; x_wconf 86' lang='lat' dir='ltr'>mortui</span> <span class='ocrx_word' id='word_1_108' title='bbox 1670 1819 1838 1887; x_wconf 88' lang='lat' dir='ltr'>sunt,</span> <span class='ocrx_word' id='word_1_109' title='bbox 1895 1812 2169 1889; x_wconf 84' lang='lat' dir='ltr'>plerique</span> <span class='ocrx_word' id='word_1_110' title='bbox 2218 1813 2595 1870; x_wconf 87' lang='lat' dir='ltr'>instruuntur</span> <span class='ocrx_word' id='word_1_111' title='bbox 2639 1812 2723 1871; x_wconf 89' lang='lat' dir='ltr'>ab</span> 
     </span>
     <span class='ocr_line' id='line_1_15' title="bbox 592 1901 2722 1993; baseline -0.002 -17"><span class='ocrx_word' id='word_1_112' title='bbox 592 1915 844 1993; x_wconf 86' lang='lat' dir='ltr'>Angelis</span> <span class='ocrx_word' id='word_1_113' title='bbox 897 1916 1106 1976; x_wconf 87' lang='lat' dir='ltr'>Ultimi</span> <span class='ocrx_word' id='word_1_114' title='bbox 1162 1912 1358 1988; x_wconf 90' lang='lat' dir='ltr'>Coeli,</span> <span class='ocrx_word' id='word_1_115' title='bbox 1427 1917 1568 1990; x_wconf 87' lang='lat' dir='ltr'>quia</span> <span class='ocrx_word' id='word_1_116' title='bbox 1618 1914 1681 1972; x_wconf 90' lang='lat' dir='ltr'>hi</span> <span class='ocrx_word' id='word_1_117' title='bbox 1731 1912 1949 1990; x_wconf 89' lang='lat' dir='ltr'>Angeli</span> <span class='ocrx_word' id='word_1_118' title='bbox 1972 1901 2554 1971; x_wconf 63' lang='lat' dir='ltr'>&#39;accommodatiores</span> <span class='ocrx_word' id='word_1_119' title='bbox 2595 1912 2722 1972; x_wconf 80' lang='lat' dir='ltr'>illis</span> 
     </span>
     <span class='ocr_line' id='line_1_16' title="bbox 591 2012 2720 2094; baseline -0.002 -17"><span class='ocrx_word' id='word_1_120' title='bbox 591 2024 759 2093; x_wconf 89' lang='lat' dir='ltr'>sunt,</span> <span class='ocrx_word' id='word_1_121' title='bbox 817 2035 997 2094; x_wconf 85' lang='lat' dir='ltr'>quam</span> <span class='ocrx_word' id='word_1_122' title='bbox 1033 2016 1250 2092; x_wconf 88' lang='lat' dir='ltr'>Angeli</span> <span class='ocrx_word' id='word_1_123' title='bbox 1284 2017 1630 2075; x_wconf 86' lang='lat' dir='ltr'>interiorum</span> <span class='ocrx_word' id='word_1_124' title='bbox 1668 2014 2004 2087; x_wconf 91' lang='lat' dir='ltr'>coelorum,</span> <span class='ocrx_word' id='word_1_125' title='bbox 2058 2030 2196 2072; x_wconf 92' lang='lat' dir='ltr'>nam</span> <span class='ocrx_word' id='word_1_126' title='bbox 2230 2012 2294 2071; x_wconf 94' lang='lat' dir='ltr'>hi</span> <span class='ocrx_word' id='word_1_127' title='bbox 2327 2016 2387 2072; x_wconf 89' lang='lat' dir='ltr'>in</span> <span class='ocrx_word' id='word_1_128' title='bbox 2433 2015 2720 2073; x_wconf 88' lang='lat' dir='ltr'>interiore</span> 
     </span>
     <span class='ocr_line' id='line_1_17' title="bbox 592 2112 2717 2196; baseline -0.001 -19"><span class='ocrx_word' id='word_1_129' title='bbox 592 2120 892 2196; x_wconf 84' lang='lat' dir='ltr'>sapientia</span> <span class='ocrx_word' id='word_1_130' title='bbox 941 2124 1107 2190; x_wconf 89' lang='lat' dir='ltr'>sunt,</span> <span class='ocrx_word' id='word_1_131' title='bbox 1177 2134 1333 2192; x_wconf 90' lang='lat' dir='ltr'>quae</span> <span class='ocrx_word' id='word_1_132' title='bbox 1379 2115 1643 2175; x_wconf 91' lang='lat' dir='ltr'>nondum</span> <span class='ocrx_word' id='word_1_133' title='bbox 1695 2117 1999 2191; x_wconf 88' lang='lat' dir='ltr'>recipitur.</span> <span class='ocrx_word' id='word_1_134' title='bbox 2088 2112 2517 2173; x_wconf 86' lang='lat' dir='ltr'>Mahumedani</span> <span class='ocrx_word' id='word_1_135' title='bbox 2565 2131 2717 2174; x_wconf 84' lang='lat' dir='ltr'>vero</span> 
     </span>
     <span class='ocr_line' id='line_1_18' title="bbox 592 2212 2720 2296; baseline 0 -22"><span class='ocrx_word' id='word_1_136' title='bbox 592 2217 669 2275; x_wconf 91' lang='lat' dir='ltr'>ab</span> <span class='ocrx_word' id='word_1_137' title='bbox 708 2212 987 2296; x_wconf 79' lang='lat' dir='ltr'>Angelis,</span> <span class='ocrx_word' id='word_1_138' title='bbox 1045 2219 1145 2291; x_wconf 93' lang='lat' dir='ltr'>qui</span> <span class='ocrx_word' id='word_1_139' title='bbox 1192 2218 1359 2292; x_wconf 89' lang='lat' dir='ltr'>prius</span> <span class='ocrx_word' id='word_1_140' title='bbox 1408 2219 1468 2274; x_wconf 89' lang='lat' dir='ltr'>in</span> <span class='ocrx_word' id='word_1_141' title='bbox 1522 2216 1732 2274; x_wconf 88' lang='lat' dir='ltr'>eadem</span> <span class='ocrx_word' id='word_1_142' title='bbox 1777 2214 2067 2292; x_wconf 89' lang='lat' dir='ltr'>religione</span> <span class='ocrx_word' id='word_1_143' title='bbox 2117 2216 2384 2288; x_wconf 83' lang='lat' dir='ltr'>fuerant,</span> <span class='ocrx_word' id='word_1_144' title='bbox 2454 2220 2516 2275; x_wconf 87' lang='lat' dir='ltr'>et</span> <span class='ocrx_word' id='word_1_145' title='bbox 2569 2232 2720 2275; x_wconf 89' lang='lat' dir='ltr'>con—</span> 
     </span>
     <span class='ocr_line' id='line_1_19' title="bbox 592 2315 2459 2393; baseline 0.001 -21"><span class='ocrx_word' id='word_1_146' title='bbox 592 2319 755 2376; x_wconf 87' lang='lat' dir='ltr'>versi</span> <span class='ocrx_word' id='word_1_147' title='bbox 791 2316 865 2374; x_wconf 89' lang='lat' dir='ltr'>ad</span> <span class='ocrx_word' id='word_1_148' title='bbox 908 2317 1325 2376; x_wconf 88' lang='lat' dir='ltr'>Christianam.</span> <span class='ocrx_word' id='word_1_149' title='bbox 1404 2315 1634 2375; x_wconf 83' lang='lat' dir='ltr'>Gentes</span> <span class='ocrx_word' id='word_1_150' title='bbox 1673 2332 1911 2391; x_wconf 90' lang='lat' dir='ltr'>quoque</span> <span class='ocrx_word' id='word_1_151' title='bbox 1953 2334 1990 2373; x_wconf 91' lang='lat' dir='ltr'>a</span> <span class='ocrx_word' id='word_1_152' title='bbox 2024 2319 2152 2374; x_wconf 88' lang='lat' dir='ltr'>suis</span> <span class='ocrx_word' id='word_1_153' title='bbox 2188 2317 2459 2393; x_wconf 88' lang='lat' dir='ltr'>Angelis.</span> 
     </span>
    </p>

    <p class='ocr_par' dir='ltr' id='par_1_4' title="bbox 585 2416 2722 3196">
     <span class='ocr_line' id='line_1_20' title="bbox 753 2416 2716 2492; baseline -0.001 -14"><span class='ocrx_word' id='word_1_154' title='bbox 753 2420 832 2478; x_wconf 87' lang='lat'>51</span> <span class='ocrx_word' id='word_1_155' title='bbox 855 2420 914 2477; x_wconf 88' lang='grc'>6.</span> <span class='ocrx_word' id='word_1_156' title='bbox 985 2416 1191 2478; x_wconf 86' lang='lat' dir='ltr'>Omnis</span> <span class='ocrx_word' id='word_1_157' title='bbox 1228 2419 1541 2477; x_wconf 84' lang='lat' dir='ltr'>instructio</span> <span class='ocrx_word' id='word_1_158' title='bbox 1588 2417 1671 2475; x_wconf 91' lang='lat' dir='ltr'>ibi</span> <span class='ocrx_word' id='word_1_159' title='bbox 1704 2416 1770 2475; x_wconf 87' lang='lat' dir='ltr'>fit</span> <span class='ocrx_word' id='word_1_160' title='bbox 1807 2435 1878 2474; x_wconf 88' lang='lat' dir='ltr'>ex</span> <span class='ocrx_word' id='word_1_161' title='bbox 1917 2417 2210 2476; x_wconf 86' lang='lat' dir='ltr'>Doctrina</span> <span class='ocrx_word' id='word_1_162' title='bbox 2246 2434 2400 2492; x_wconf 89' lang='lat' dir='ltr'>quae</span> <span class='ocrx_word' id='word_1_163' title='bbox 2437 2434 2513 2476; x_wconf 83' lang='lat' dir='ltr'>ex</span> <span class='ocrx_word' id='word_1_164' title='bbox 2549 2416 2716 2477; x_wconf 88' lang='lat' dir='ltr'>Ver-</span> 
     </span>
     <span class='ocr_line' id='line_1_21' title="bbox 585 2517 2719 2597; baseline 0 -19"><span class='ocrx_word' id='word_1_165' title='bbox 585 2519 691 2595; x_wconf 89' lang='lat' dir='ltr'>bo,</span> <span class='ocrx_word' id='word_1_166' title='bbox 748 2526 808 2580; x_wconf 90' lang='lat' dir='ltr'>et</span> <span class='ocrx_word' id='word_1_167' title='bbox 848 2537 966 2579; x_wconf 91' lang='lat' dir='ltr'>non</span> <span class='ocrx_word' id='word_1_168' title='bbox 1002 2537 1077 2578; x_wconf 82' lang='lat' dir='ltr'>ex</span> <span class='ocrx_word' id='word_1_169' title='bbox 1103 2518 1306 2579; x_wconf 91' lang='lat' dir='ltr'>Verbo</span> <span class='ocrx_word' id='word_1_170' title='bbox 1345 2518 1574 2597; x_wconf 85' lang='lat' dir='ltr'>absque</span> <span class='ocrx_word' id='word_1_171' title='bbox 1612 2518 1912 2577; x_wconf 85' lang='lat' dir='ltr'>doctrina:</span> <span class='ocrx_word' id='word_1_172' title='bbox 1970 2517 2301 2579; x_wconf 85' lang='lat' dir='ltr'>Christiani</span> <span class='ocrx_word' id='word_1_173' title='bbox 2333 2520 2719 2580; x_wconf 87' lang='lat' dir='ltr'>instruuntur</span> 
     </span>
     <span class='ocr_line' id='line_1_22' title="bbox 587 2620 2719 2697; baseline 0 -18"><span class='ocrx_word' id='word_1_174' title='bbox 587 2637 660 2681; x_wconf 80' lang='lat' dir='ltr'>ex</span> <span class='ocrx_word' id='word_1_175' title='bbox 708 2621 1002 2681; x_wconf 83' lang='lat' dir='ltr'>Doctrina</span> <span class='ocrx_word' id='word_1_176' title='bbox 1046 2620 1322 2696; x_wconf 89' lang='lat' dir='ltr'>coelesti,</span> <span class='ocrx_word' id='word_1_177' title='bbox 1395 2638 1551 2697; x_wconf 88' lang='lat' dir='ltr'>quae</span> <span class='ocrx_word' id='word_1_178' title='bbox 1600 2636 1848 2697; x_wconf 85' lang='lat' dir='ltr'>prorsus</span> <span class='ocrx_word' id='word_1_179' title='bbox 1903 2620 2226 2679; x_wconf 88' lang='lat' dir='ltr'>concordat</span> <span class='ocrx_word' id='word_1_180' title='bbox 2278 2637 2416 2679; x_wconf 91' lang='lat' dir='ltr'>cum</span> <span class='ocrx_word' id='word_1_181' title='bbox 2479 2622 2719 2680; x_wconf 89' lang='lat' dir='ltr'>interno</span> 
     </span>
     <span class='ocr_line' id='line_1_23' title="bbox 588 2720 2717 2797; baseline 0 -16"><span class='ocrx_word' id='word_1_182' title='bbox 588 2739 774 2782; x_wconf 88' lang='lat' dir='ltr'>sensu</span> <span class='ocrx_word' id='word_1_183' title='bbox 814 2722 1019 2781; x_wconf 87' lang='lat' dir='ltr'>Verbi.</span> <span class='ocrx_word' id='word_1_184' title='bbox 1100 2722 1378 2797; x_wconf 88' lang='lat' dir='ltr'>Reliqui,</span> <span class='ocrx_word' id='word_1_185' title='bbox 1434 2730 1502 2780; x_wconf 90' lang='lat' dir='ltr'>ut</span> <span class='ocrx_word' id='word_1_186' title='bbox 1534 2720 1993 2792; x_wconf 90' lang='lat' dir='ltr'>Mahumedani,</span> <span class='ocrx_word' id='word_1_187' title='bbox 2048 2727 2110 2779; x_wconf 89' lang='lat' dir='ltr'>et</span> <span class='ocrx_word' id='word_1_188' title='bbox 2147 2720 2412 2795; x_wconf 77' lang='lat' dir='ltr'>GenteS,</span> <span class='ocrx_word' id='word_1_189' title='bbox 2471 2739 2543 2780; x_wconf 87' lang='lat' dir='ltr'>ex</span> <span class='ocrx_word' id='word_1_190' title='bbox 2579 2721 2717 2781; x_wconf 91' lang='lat' dir='ltr'>Do-</span> 
     </span>
     <span class='ocr_line' id='line_1_24' title="bbox 588 2820 2722 2899; baseline -0.001 -16"><span class='ocrx_word' id='word_1_191' title='bbox 588 2825 794 2883; x_wconf 88' lang='lat' dir='ltr'>ctrinis</span> <span class='ocrx_word' id='word_1_192' title='bbox 849 2825 1055 2899; x_wconf 82' lang='lat' dir='ltr'>captui</span> <span class='ocrx_word' id='word_1_193' title='bbox 1114 2841 1321 2881; x_wconf 87' lang='lat' dir='ltr'>eorum</span> <span class='ocrx_word' id='word_1_194' title='bbox 1370 2822 1762 2899; x_wconf 65' lang='lat' dir='ltr'>adaequatis,</span> <span class='ocrx_word' id='word_1_195' title='bbox 1820 2838 1976 2897; x_wconf 91' lang='lat' dir='ltr'>quae</span> <span class='ocrx_word' id='word_1_196' title='bbox 2021 2839 2059 2879; x_wconf 89' lang='lat' dir='ltr'>a</span> <span class='ocrx_word' id='word_1_197' title='bbox 2110 2821 2402 2881; x_wconf 86' lang='lat' dir='ltr'>Doctrina</span> <span class='ocrx_word' id='word_1_198' title='bbox 2451 2820 2722 2882; x_wconf 82' lang='lat' dir='ltr'>coelesti</span> 
     </span>
     <span class='ocr_line' id='line_1_25' title="bbox 587 2921 2716 3000; baseline 0.001 -20"><span class='ocrx_word' id='word_1_199' title='bbox 587 2922 763 2981; x_wconf 91' lang='lat' dir='ltr'>modo</span> <span class='ocrx_word' id='word_1_200' title='bbox 803 2922 1079 2981; x_wconf 86' lang='lat' dir='ltr'>differunt</span> <span class='ocrx_word' id='word_1_201' title='bbox 1112 2925 1175 2981; x_wconf 91' lang='lat' dir='ltr'>in</span> <span class='ocrx_word' id='word_1_202' title='bbox 1210 2939 1317 2994; x_wconf 86' lang='grc' dir='ltr'>οο,</span> <span class='ocrx_word' id='word_1_203' title='bbox 1370 2922 1531 2999; x_wconf 86' lang='grc' dir='ltr'><strong>(10οᾱ</strong></span> <span class='ocrx_word' id='word_1_204' title='bbox 1566 2921 1898 2999; x_wconf 90' lang='lat' dir='ltr'>spiritualis</span> <span class='ocrx_word' id='word_1_205' title='bbox 1939 2923 2061 2981; x_wconf 81' lang='lat' dir='ltr'>vita</span> <span class='ocrx_word' id='word_1_206' title='bbox 2110 2923 2397 2982; x_wconf 86' lang='lat' dir='ltr'>doceatur</span> <span class='ocrx_word' id='word_1_207' title='bbox 2431 2940 2544 3000; x_wconf 90' lang='lat' dir='ltr'>per</span> <span class='ocrx_word' id='word_1_208' title='bbox 2578 2939 2716 2983; x_wconf 87' lang='lat' dir='ltr'>mo·-</span> 
     </span>
     <span class='ocr_line' id='line_1_26' title="bbox 589 3020 2719 3101; baseline 0.002 -21"><span class='ocrx_word' id='word_1_209' title='bbox 589 3020 811 3094; x_wconf 91' lang='lat' dir='ltr'>ralem,</span> <span class='ocrx_word' id='word_1_210' title='bbox 871 3029 1333 3081; x_wconf 83' lang='lat' dir='ltr'>consentaneam</span> <span class='ocrx_word' id='word_1_211' title='bbox 1366 3023 1541 3081; x_wconf 86' lang='lat' dir='ltr'>bonis</span> <span class='ocrx_word' id='word_1_212' title='bbox 1577 3021 1954 3099; x_wconf 62' lang='lat' dir='ltr'>dogmatibus</span> <span class='ocrx_word' id='word_1_213' title='bbox 1990 3023 2297 3101; x_wconf 88' lang='lat' dir='ltr'>religionis</span> <span class='ocrx_word' id='word_1_214' title='bbox 2342 3040 2585 3097; x_wconf 89' lang='lat' dir='ltr'>eorum,</span> <span class='ocrx_word' id='word_1_215' title='bbox 2637 3042 2719 3085; x_wconf 86' lang='lat' dir='ltr'>ex</span> 
     </span>
     <span class='ocr_line' id='line_1_27' title="bbox 585 3122 1861 3196; baseline 0.003 -18"><span class='ocrx_word' id='word_1_216' title='bbox 585 3136 706 3196; x_wconf 86' lang='lat' dir='ltr'>qua</span> <span class='ocrx_word' id='word_1_217' title='bbox 737 3122 921 3178; x_wconf 81' lang='lat' dir='ltr'>vitam</span> <span class='ocrx_word' id='word_1_218' title='bbox 963 3135 1137 3179; x_wconf 86' lang='lat' dir='ltr'>suam</span> <span class='ocrx_word' id='word_1_219' title='bbox 1176 3123 1238 3179; x_wconf 91' lang='lat' dir='ltr'>in</span> <span class='ocrx_word' id='word_1_220' title='bbox 1272 3122 1495 3181; x_wconf 87' lang='lat' dir='ltr'>mundo</span> <span class='ocrx_word' id='word_1_221' title='bbox 1532 3129 1861 3183; x_wconf 75' lang='lat' dir='ltr'>traxerunt.</span> 
     </span>
    </p>

    <p class='ocr_par' dir='ltr' id='par_1_5' title="bbox 584 3220 2719 3909">
     <span class='ocr_line' id='line_1_28' title="bbox 755 3220 2717 3288; baseline 0.004 -7"><span class='ocrx_word' id='word_1_222' title='bbox 755 3221 833 3282; x_wconf 82' lang='lat'>51</span> <span class='ocrx_word' id='word_1_223' title='bbox 855 3225 914 3279; x_wconf 82' lang='lat'>7.</span> <span class='ocrx_word' id='word_1_224' title='bbox 980 3220 1414 3281; x_wconf 87' lang='lat' dir='ltr'>Instructiones</span> <span class='ocrx_word' id='word_1_225' title='bbox 1456 3223 1518 3279; x_wconf 91' lang='lat' dir='ltr'>in</span> <span class='ocrx_word' id='word_1_226' title='bbox 1557 3221 1756 3281; x_wconf 87' lang='lat' dir='ltr'>Coelis</span> <span class='ocrx_word' id='word_1_227' title='bbox 1794 3224 2075 3285; x_wconf 88' lang='lat' dir='ltr'>differunt</span> <span class='ocrx_word' id='word_1_228' title='bbox 2110 3222 2186 3283; x_wconf 89' lang='lat' dir='ltr'>ab</span> <span class='ocrx_word' id='word_1_229' title='bbox 2221 3226 2717 3288; x_wconf 83' lang='lat' dir='ltr'>instructionibus</span> 
     </span>
     <span class='ocr_line' id='line_1_29' title="bbox 586 3321 2719 3402; baseline 0.003 -20"><span class='ocrx_word' id='word_1_230' title='bbox 586 3324 652 3382; x_wconf 89' lang='lat' dir='ltr'>in</span> <span class='ocrx_word' id='word_1_231' title='bbox 706 3324 909 3397; x_wconf 74' lang='lat' dir='ltr'>terriS,</span> <span class='ocrx_word' id='word_1_232' title='bbox 967 3321 1128 3399; x_wconf 87' lang='lat' dir='ltr'>quod</span> <span class='ocrx_word' id='word_1_233' title='bbox 1180 3324 1573 3400; x_wconf 88' lang='lat' dir='ltr'>cogitationes</span> <span class='ocrx_word' id='word_1_234' title='bbox 1621 3339 1741 3381; x_wconf 92' lang='lat' dir='ltr'>non</span> <span class='ocrx_word' id='word_1_235' title='bbox 1788 3325 2143 3384; x_wconf 86' lang='lat' dir='ltr'>mandentur</span> <span class='ocrx_word' id='word_1_236' title='bbox 2193 3329 2547 3402; x_wconf 89' lang='lat' dir='ltr'>memoriae,</span> <span class='ocrx_word' id='word_1_237' title='bbox 2602 3326 2719 3387; x_wconf 86' lang='lat' dir='ltr'>sed</span> 
     </span>
     <span class='ocr_line' id='line_1_30' title="bbox 587 3423 2717 3505; baseline 0.002 -22"><span class='ocrx_word' id='word_1_238' title='bbox 587 3425 778 3500; x_wconf 86' lang='lat' dir='ltr'>vitae3</span> <span class='ocrx_word' id='word_1_239' title='bbox 832 3441 972 3483; x_wconf 91' lang='lat' dir='ltr'>nam</span> <span class='ocrx_word' id='word_1_240' title='bbox 1007 3425 1294 3483; x_wconf 86' lang='lat' dir='ltr'>memoria</span> <span class='ocrx_word' id='word_1_241' title='bbox 1339 3423 1660 3501; x_wconf 80' lang='lat' dir='ltr'>spirituum</span> <span class='ocrx_word' id='word_1_242' title='bbox 1709 3431 1802 3483; x_wconf 88' lang='lat' dir='ltr'>est</span> <span class='ocrx_word' id='word_1_243' title='bbox 1844 3427 1908 3484; x_wconf 91' lang='lat' dir='ltr'>in</span> <span class='ocrx_word' id='word_1_244' title='bbox 1954 3429 2081 3486; x_wconf 87' lang='lat' dir='ltr'>vita</span> <span class='ocrx_word' id='word_1_245' title='bbox 2124 3444 2361 3499; x_wconf 89' lang='lat' dir='ltr'>eorum,</span> <span class='ocrx_word' id='word_1_246' title='bbox 2415 3429 2717 3505; x_wconf 86' lang='lat' dir='ltr'>recipiunt</span> 
     </span>
     <span class='ocr_line' id='line_1_31' title="bbox 586 3524 2715 3605; baseline 0.002 -20"><span class='ocrx_word' id='word_1_247' title='bbox 586 3528 743 3585; x_wconf 89' lang='lat' dir='ltr'>enim</span> <span class='ocrx_word' id='word_1_248' title='bbox 782 3533 841 3585; x_wconf 87' lang='lat' dir='ltr'>et</span> <span class='ocrx_word' id='word_1_249' title='bbox 875 3524 1150 3585; x_wconf 90' lang='lat' dir='ltr'>imbuunt</span> <span class='ocrx_word' id='word_1_250' title='bbox 1186 3526 1386 3584; x_wconf 86' lang='lat' dir='ltr'>omnia</span> <span class='ocrx_word' id='word_1_251' title='bbox 1429 3541 1585 3601; x_wconf 89' lang='lat' dir='ltr'>quae</span> <span class='ocrx_word' id='word_1_252' title='bbox 1630 3525 1990 3585; x_wconf 87' lang='lat' dir='ltr'>concordant</span> <span class='ocrx_word' id='word_1_253' title='bbox 2022 3528 2186 3586; x_wconf 85' lang='lat' dir='ltr'>vitae</span> <span class='ocrx_word' id='word_1_254' title='bbox 2223 3544 2456 3605; x_wconf 90' lang='lat' dir='ltr'>eorum,</span> <span class='ocrx_word' id='word_1_255' title='bbox 2498 3533 2558 3587; x_wconf 87' lang='lat' dir='ltr'>et</span> <span class='ocrx_word' id='word_1_256' title='bbox 2591 3546 2715 3589; x_wconf 87' lang='lat' dir='ltr'>non</span> 
     </span>
     <span class='ocr_line' id='line_1_32' title="bbox 584 3626 2712 3705; baseline 0.002 -21"><span class='ocrx_word' id='word_1_257' title='bbox 584 3627 919 3702; x_wconf 88' lang='lat' dir='ltr'>recipiunt,</span> <span class='ocrx_word' id='word_1_258' title='bbox 974 3629 1171 3686; x_wconf 89' lang='lat' dir='ltr'>minus</span> <span class='ocrx_word' id='word_1_259' title='bbox 1206 3626 1481 3686; x_wconf 88' lang='lat' dir='ltr'>imbuunt</span> <span class='ocrx_word' id='word_1_260' title='bbox 1518 3642 1670 3701; x_wconf 88' lang='lat' dir='ltr'>quae</span> <span class='ocrx_word' id='word_1_261' title='bbox 1706 3644 1825 3686; x_wconf 93' lang='grc'>000</span> <span class='ocrx_word' id='word_1_262' title='bbox 1862 3627 2253 3703; x_wconf 86' lang='lat' dir='ltr'>concordant,</span> <span class='ocrx_word' id='word_1_263' title='bbox 2292 3646 2429 3687; x_wconf 88' lang='lat' dir='ltr'>nam</span> <span class='ocrx_word' id='word_1_264' title='bbox 2464 3630 2712 3705; x_wconf 86' lang='lat' dir='ltr'>spiritus</span> 
     </span>
     <span class='ocr_line' id='line_1_33' title="bbox 585 3724 2711 3803; baseline 0.003 -20"><span class='ocrx_word' id='word_1_265' title='bbox 585 3733 726 3783; x_wconf 89' lang='lat' dir='ltr'>sunt</span> <span class='ocrx_word' id='word_1_266' title='bbox 779 3725 1156 3803; x_wconf 86' lang='lat' dir='ltr'>affectiones,</span> <span class='ocrx_word' id='word_1_267' title='bbox 1213 3734 1274 3787; x_wconf 92' lang='lat' dir='ltr'>et</span> <span class='ocrx_word' id='word_1_268' title='bbox 1307 3727 1445 3787; x_wconf 90' lang='lat' dir='ltr'>inde</span> <span class='ocrx_word' id='word_1_269' title='bbox 1471 3729 1533 3786; x_wconf 91' lang='lat' dir='ltr'>in</span> <span class='ocrx_word' id='word_1_270' title='bbox 1567 3726 1761 3786; x_wconf 81' lang='lat' dir='ltr'>forma</span> <span class='ocrx_word' id='word_1_271' title='bbox 1794 3727 2057 3786; x_wconf 86' lang='lat' dir='ltr'>humana</span> <span class='ocrx_word' id='word_1_272' title='bbox 2084 3724 2265 3787; x_wconf 84' lang='lat' dir='ltr'>simili</span> <span class='ocrx_word' id='word_1_273' title='bbox 2294 3728 2711 3790; x_wconf 84' lang='lat' dir='ltr'>affectionibus</span> 
     </span>
     <span class='ocr_line' id='line_1_34' title="bbox 586 3824 2713 3909; baseline 0.003 -26"><span class='ocrx_word' id='word_1_274' title='bbox 586 3826 731 3883; x_wconf 83' lang='lat' dir='ltr'>suis.</span> <span class='ocrx_word' id='word_1_275' title='bbox 806 3824 964 3901; x_wconf 82' lang='lat' dir='ltr'>Quia</span> <span class='ocrx_word' id='word_1_276' title='bbox 999 3828 1152 3888; x_wconf 88' lang='lat' dir='ltr'>tales</span> <span class='ocrx_word' id='word_1_277' title='bbox 1188 3834 1361 3898; x_wconf 88' lang='lat' dir='ltr'>sunt,</span> <span class='ocrx_word' id='word_1_278' title='bbox 1398 3829 1627 3905; x_wconf 89' lang='lat' dir='ltr'>jugiter</span> <span class='ocrx_word' id='word_1_279' title='bbox 1657 3829 1984 3905; x_wconf 79' lang='lat' dir='ltr'>Inspiratur</span> <span class='ocrx_word' id='word_1_280' title='bbox 2019 3828 2255 3889; x_wconf 86' lang='lat' dir='ltr'>affectio</span> <span class='ocrx_word' id='word_1_281' title='bbox 2296 3832 2427 3889; x_wconf 87' lang='lat' dir='ltr'>veri</span> <span class='ocrx_word' id='word_1_282' title='bbox 2459 3836 2713 3909; x_wconf 86' lang='lat' dir='ltr'>propter</span> 
     </span>
    </p>
   </div>
   <div class='ocr_carea' id='block_1_3' title="bbox 2932 1097 2935 1843">
    <p class='ocr_par' dir='ltr' id='par_1_6' title="bbox 2932 1097 2935 1843">
     <span class='ocr_line' id='line_1_35' title="bbox 2932 1097 2935 1843; baseline 0 0"><span class='ocrx_word' id='word_1_283' title='bbox 2932 1097 2935 1843; x_wconf 95' lang='lat' dir='ltr'> </span> 
     </span>
    </p>
   </div>
   <div class='ocr_carea' id='block_1_4' title="bbox 2932 3375 2936 3994">
    <p class='ocr_par' dir='ltr' id='par_1_7' title="bbox 2932 3375 2936 3994">
     <span class='ocr_line' id='line_1_36' title="bbox 2932 3375 2936 3994; baseline 0 0"><span class='ocrx_word' id='word_1_284' title='bbox 2932 3375 2936 3994; x_wconf 95' lang='lat' dir='ltr'> </span> 
     </span>
    </p>
   </div>
   <div class='ocr_carea' id='block_1_5' title="bbox 585 3925 2818 4007">
    <p class='ocr_par' dir='ltr' id='par_1_8' title="bbox 585 3925 2818 4007">
     <span class='ocr_line' id='line_1_37' title="bbox 585 3925 2818 4007; baseline 0.003 -23"><span class='ocrx_word' id='word_1_285' title='bbox 585 3939 734 3984; x_wconf 75' lang='lat' dir='ltr'>usus</span> <span class='ocrx_word' id='word_1_286' title='bbox 782 3925 971 4001; x_wconf 82' lang='lat' dir='ltr'>vitae3</span> <span class='ocrx_word' id='word_1_287' title='bbox 1034 3928 1314 4003; x_wconf 88' lang='lat' dir='ltr'>providet</span> <span class='ocrx_word' id='word_1_288' title='bbox 1367 3931 1524 3987; x_wconf 90' lang='lat' dir='ltr'>enim</span> <span class='ocrx_word' id='word_1_289' title='bbox 1563 3928 1857 3989; x_wconf 89' lang='lat' dir='ltr'>Dominus</span> <span class='ocrx_word' id='word_1_290' title='bbox 1873 3974 1891 4005; x_wconf 93' lang='lat'>‚</span> <span class='ocrx_word' id='word_1_291' title='bbox 1958 3935 2025 3989; x_wconf 86' lang='lat' dir='ltr'>ut</span> <span class='ocrx_word' id='word_1_292' title='bbox 2062 3931 2316 4007; x_wconf 87' lang='lat' dir='ltr'>quisque</span> <span class='ocrx_word' id='word_1_293' title='bbox 2354 3937 2516 3989; x_wconf 87' lang='lat' dir='ltr'>amet</span> <span class='ocrx_word' id='word_1_294' title='bbox 2560 3946 2711 3990; x_wconf 88' lang='lat' dir='ltr'>usus</span> <span class='ocrx_word' id='word_1_295' title='bbox 2809 3979 2818 3982; x_wconf 26' lang='grc' dir='ltr'>ι</span> 
     </span>
    </p>
   </div>
   <div class='ocr_carea' id='block_1_6' title="bbox 583 4024 2711 4410">
    <p class='ocr_par' dir='ltr' id='par_1_9' title="bbox 583 4024 2711 4410">
     <span class='ocr_line' id='line_1_38' title="bbox 585 4024 2711 4109; baseline 0.005 -29"><span class='ocrx_word' id='word_1_296' title='bbox 585 4025 690 4100; x_wconf 86' lang='grc' dir='ltr'><strong>(1οἱ</strong></span> <span class='ocrx_word' id='word_1_297' title='bbox 739 4028 1102 4083; x_wconf 89' lang='lat' dir='ltr'>conveniunt</span> <span class='ocrx_word' id='word_1_298' title='bbox 1152 4024 1336 4085; x_wconf 92' lang='lat' dir='ltr'>indoli</span> <span class='ocrx_word' id='word_1_299' title='bbox 1372 4043 1609 4104; x_wconf 77' lang='lat' dir='ltr'>eorum3</span> <span class='ocrx_word' id='word_1_300' title='bbox 1665 4032 1768 4105; x_wconf 91' lang='lat' dir='ltr'>qui</span> <span class='ocrx_word' id='word_1_301' title='bbox 1810 4047 1978 4089; x_wconf 88' lang='lat' dir='ltr'>amor</span> <span class='ocrx_word' id='word_1_302' title='bbox 2024 4032 2205 4089; x_wconf 89' lang='lat' dir='ltr'>etiam</span> <span class='ocrx_word' id='word_1_303' title='bbox 2253 4030 2556 4090; x_wconf 80' lang='lat' dir='ltr'>exaltatur</span> <span class='ocrx_word' id='word_1_304' title='bbox 2597 4048 2711 4109; x_wconf 87' lang='lat' dir='ltr'>per</span> 
     </span>
     <span class='ocr_line' id='line_1_39' title="bbox 584 4124 2710 4207; baseline 0.004 -24"><span class='ocrx_word' id='word_1_305' title='bbox 584 4140 757 4200; x_wconf 88' lang='lat' dir='ltr'>spem</span> <span class='ocrx_word' id='word_1_306' title='bbox 801 4124 962 4201; x_wconf 91' lang='lat' dir='ltr'>quod</span> <span class='ocrx_word' id='word_1_307' title='bbox 995 4125 1182 4184; x_wconf 86' lang='lat' dir='ltr'>futuri</span> <span class='ocrx_word' id='word_1_308' title='bbox 1218 4128 1337 4184; x_wconf 87' lang='lat' dir='ltr'>sint</span> <span class='ocrx_word' id='word_1_309' title='bbox 1381 4126 1613 4203; x_wconf 86' lang='lat' dir='ltr'>angeli:</span> <span class='ocrx_word' id='word_1_310' title='bbox 1671 4136 1732 4188; x_wconf 87' lang='lat' dir='ltr'>et</span> <span class='ocrx_word' id='word_1_311' title='bbox 1785 4133 1925 4207; x_wconf 91' lang='lat' dir='ltr'>quia</span> <span class='ocrx_word' id='word_1_312' title='bbox 1974 4147 2179 4190; x_wconf 91' lang='lat' dir='ltr'>omnes</span> <span class='ocrx_word' id='word_1_313' title='bbox 2231 4147 2379 4190; x_wconf 86' lang='lat' dir='ltr'>usus</span> <span class='ocrx_word' id='word_1_314' title='bbox 2436 4131 2593 4191; x_wconf 88' lang='lat' dir='ltr'>coeli</span> <span class='ocrx_word' id='word_1_315' title='bbox 2636 4147 2710 4191; x_wconf 88' lang='lat' dir='ltr'>se</span> 
     </span>
     <span class='ocr_line' id='line_1_40' title="bbox 583 4224 2711 4310; baseline 0.003 -26"><span class='ocrx_word' id='word_1_316' title='bbox 583 4224 850 4286; x_wconf 79' lang='lat' dir='ltr'>referunt</span> <span class='ocrx_word' id='word_1_317' title='bbox 874 4224 954 4284; x_wconf 89' lang='lat' dir='ltr'>ad</span> <span class='ocrx_word' id='word_1_318' title='bbox 991 4242 1166 4286; x_wconf 88' lang='lat' dir='ltr'>usum</span> <span class='ocrx_word' id='word_1_319' title='bbox 1193 4243 1587 4299; x_wconf 91' lang='lat' dir='ltr'>communem,</span> <span class='ocrx_word' id='word_1_320' title='bbox 1615 4231 1715 4305; x_wconf 87' lang='lat' dir='ltr'>qui</span> <span class='ocrx_word' id='word_1_321' title='bbox 1746 4237 1837 4289; x_wconf 88' lang='lat' dir='ltr'>est</span> <span class='ocrx_word' id='word_1_322' title='bbox 1864 4249 1976 4307; x_wconf 90' lang='lat' dir='ltr'>pro</span> <span class='ocrx_word' id='word_1_323' title='bbox 2005 4231 2217 4309; x_wconf 90' lang='lat' dir='ltr'>Regno</span> <span class='ocrx_word' id='word_1_324' title='bbox 2245 4230 2510 4306; x_wconf 90' lang='lat' dir='ltr'>Domini,</span> <span class='ocrx_word' id='word_1_325' title='bbox 2547 4230 2711 4310; x_wconf 88' lang='lat' dir='ltr'>quod</span> 
     </span>
     <span class='ocr_line' id='line_1_41' title="bbox 583 4326 2701 4410; baseline 0.004 -26"><span class='ocrx_word' id='word_1_326' title='bbox 583 4326 664 4386; x_wconf 89' lang='lat' dir='ltr'>ibi</span> <span class='ocrx_word' id='word_1_327' title='bbox 710 4333 802 4387; x_wconf 89' lang='lat' dir='ltr'>est</span> <span class='ocrx_word' id='word_1_328' title='bbox 842 4329 1038 4404; x_wconf 89' lang='lat' dir='ltr'>patria</span> <span class='ocrx_word' id='word_1_329' title='bbox 1070 4326 1338 4402; x_wconf 87' lang='lat' dir='ltr'>illorum,</span> <span class='ocrx_word' id='word_1_330' title='bbox 1397 4333 1457 4388; x_wconf 90' lang='lat' dir='ltr'>et</span> <span class='ocrx_word' id='word_1_331' title='bbox 1505 4331 1646 4407; x_wconf 83' lang='lat' dir='ltr'>quia</span> <span class='ocrx_word' id='word_1_332' title='bbox 1687 4346 1895 4391; x_wconf 88' lang='lat' dir='ltr'>omnes</span> <span class='ocrx_word' id='word_1_333' title='bbox 1931 4348 2080 4391; x_wconf 88' lang='lat' dir='ltr'>usus</span> <span class='ocrx_word' id='word_1_334' title='bbox 2124 4332 2425 4410; x_wconf 85' lang='lat' dir='ltr'>speciales</span> <span class='ocrx_word' id='word_1_335' title='bbox 2475 4338 2536 4393; x_wconf 92' lang='lat' dir='ltr'>et</span> <span class='ocrx_word' id='word_1_336' title='bbox 2573 4334 2701 4393; x_wconf 88' lang='lat' dir='ltr'>sin-</span> 
     </span>
    </p>
   </div>
  </div>
 </body>
</html>
