3013 5114
568 405 674 455 136
1188 393 1277 445 DE
1321 392 1555 447 COELO
1599 392 1689 444 ΕΤ
1730 391 2069 447 INFERNQ.

554 563 744 636 ptum
786 573 826 612 a
852 552 1072 633 fronte
1112 558 1170 613 et
1211 572 1251 611 α
1297 554 1543 631 ter90,“
1590 550 1686 611 11:
1732 554 1788 611 9.
1839 553 1946 610 10.
2011 551 2088 608 Et
2119 549 2280 627 apud
2318 550 2680 626 Johannem,

570 702 607 733 „
632 652 789 717 Vidi
838 652 928 714 ad
983 651 1283 714 dextram
1331 650 1538 735 Ejus,
1613 652 1726 731 qui
1777 650 2097 712 insidebat
2143 649 2392 726 throno,
2450 648 2684 712 librum

566 756 876 835 seriptum
921 753 1099 815 intus
1153 758 1212 812 et
1262 773 1303 813 α
1361 757 1571 832 teryo,
1642 753 2047 832 obsiynatum
2093 748 2343 832 siyillis
2380 754 2680 832 septem,“

566 860 764 934 Apoc:
803 855 880 914 V:
931 859 986 914 l.

722 959 884 1017 259.
970 954 1151 1032 Quod
1195 958 1252 1014 in
1306 954 1508 1015 Coelis
1564 957 1898 1031 scripturae
1950 958 2097 1024 sint,
2164 956 2470 1031 provisum
2517 963 2610 1012 est
2647 973 2686 1012 a

567 1059 822 1117 Domino
851 1063 1101 1135 propter
1135 1056 1425 1132 Verbum,
1472 1074 1610 1114 nam
1644 1056 1704 1114 id
1741 1058 1800 1114 in
1837 1073 1950 1115 sua
1985 1058 2250 1114 essentia
2279 1061 2372 1114 est
2398 1054 2685 1113 Divinum

570 1158 833 1233 Verum,
888 1176 961 1218 ex
1002 1174 1119 1235 quo
1158 1160 1345 1216 omnis
1384 1158 1682 1232 sapientia
1718 1156 1997 1216 coelestis
2045 1165 2136 1215 est
2187 1164 2305 1214 tam
2345 1156 2680 1214 hominibus

570 1277 749 1337 quam
786 1259 1037 1336 angelis,
1084 1264 1176 1316 est
1204 1260 1359 1317 enim
1387 1257 1447 1316 id
1482 1256 1768 1315 dictatum
1805 1276 1842 1315 a
1867 1258 2141 1328 Domine,
2194 1263 2253 1315 et
2289 1256 2446 1331 quod
2484 1256 2679 1314 dicta-

568 1368 665 1420 tur
704 1378 742 1419 a
787 1360 1045 1419 Domino
1086 1360 1299 1417 transit
1358 1374 1564 1417 omnes
1610 1357 1828 1417 Coelos
1889 1357 2125 1431 ordine,
2215 1374 2283 1414 ac
2335 1359 2685 1415 terminatur

568 1461 732 1538 apud
767 1459 1100 1534 hominem3
1155 1458 1291 1518 inde
1330 1465 1424 1517 est
1453 1457 1602 1516 illud
1638 1458 2149 1517 accommodatum
2186 1466 2305 1516 tam
2347 1460 2682 1534 sapientiae

567 1565 626 1619 in
664 1577 781 1636 qua
815 1567 954 1619 sunt
991 1559 1217 1635 angeli,
1273 1577 1450 1635 quam
1488 1558 1920 1635 intelligentiae
1951 1561 2007 1616 in
2047 1577 2165 1635 qua
2203 1566 2342 1616 sunt
2376 1557 2679 1617 homines:

572 1678 643 1719 ex
699 1679 769 1718 eo
821 1667 947 1730 est,
1025 1659 1181 1735 quod
1248 1662 1424 1721 etiam
1474 1659 1742 1718 Verbum
1791 1661 1868 1717 sit
1920 1659 2200 1736 AngeliS,
2283 1667 2344 1718 et
2391 1659 2547 1735 quod
2596 1659 2684 1717 illi

576 1778 768 1837 aeque
806 1761 867 1818 id
906 1760 1111 1836 legant
1148 1766 1213 1817 ut
1245 1760 1516 1819 homines
1554 1761 1611 1817 in
1651 1767 1810 1819 terra
1823 1780 1839 1835 3
1903 1778 1975 1818 ex
2015 1760 2117 1818 illo
2158 1763 2335 1817 etiam
2376 1759 2679 1818 doctrina·

572 1861 654 1920 lia
701 1879 905 1921 eorum
941 1866 1106 1935 sunt3
1166 1868 1225 1919 et
1268 1878 1339 1918 ex
1383 1860 1485 1919 illo
1525 1860 2008 1937 praedicationes
2047 1861 2126 1919 ibi
2162 1860 2329 1925 fiunt,
2378 1879 2448 1918 n:
2502 1864 2677 1918 221:

567 1962 724 2021 idem
769 1969 861 2020 est
898 1962 1196 2036 Verbum,
1254 1980 1458 2020 verum
1496 1977 1713 2020 sensus
1746 1962 1875 2039 ejus
1905 1961 2225 2031 naturaliS,
2276 1964 2496 2037 quiesi
2535 1977 2678 2019 sen-

569 2079 674 2121 sus
710 2062 921 2121 literae
967 2062 1167 2132 nobie,
1218 2079 1335 2121 non
1372 2069 1465 2120 est
1499 2063 1562 2119 in
1591 2061 1809 2134 Coelo,
1859 2061 1969 2120 sed
1995 2070 2086 2121 est
2124 2079 2341 2120 sensus
2387 2064 2673 2139 spiritua-

565 2161 671 2234 lis,
725 2166 826 2238 qui
855 2171 1197 2231 estfflsensus
1245 2162 1374 2238 ejus
1413 2163 1712 2220 internus:
1777 2163 1972 2242 qualis
2008 2162 2104 2221 hic
2155 2180 2371 2221 sensus
2418 2169 2540 2232 est,
2583 2164 2679 2220 vi-

570 2261 781 2319 deatur
813 2264 872 2318 in
917 2261 1227 2338 Opusculo
1267 2261 1338 2320 de
1374 2262 1547 2336 Equo
1588 2262 1780 2336 Albo,
1845 2262 1918 2322 de
1949 2281 2067 2346 quo
2103 2267 2160 2324 in
2210 2263 2599 2341 Apocalypsi.

726 2363 888 2423 260.
962 2361 1277 2438 Quondam
1325 2364 1501 2420 etiam
1556 2362 1631 2420 ad
1680 2381 1774 2421 me
1814 2381 1845 2421 e
1888 2362 2072 2422 Coelo
2121 2368 2307 2423 missa
2357 2372 2449 2423 est
2498 2364 2678 2423 char-

563 2462 717 2538 tula,
775 2464 838 2522 in
875 2481 994 2540 qua
1043 2463 1235 2522 solum
1289 2463 1525 2540 aliquae
1563 2480 1742 2523 voces
1801 2463 1992 2522 literis
2046 2465 2363 2524 Hebraicis
2418 2466 2679 2542 scriptae

566 2571 763 2640 erant,
800 2645 805 2648 .
841 2573 902 2625 et
939 2564 1253 2624 dicebatur
1305 2565 1466 2642 quod
1504 2568 1877 2641 unaquaevis
1920 2566 2095 2625 litera
2137 2567 2405 2625 involvat
2458 2552 2701 2625 arcana*

566 2657 929 2744 sapientiae,
1002 2672 1062 2725 et
1098 2666 1255 2742 quod
1298 2666 1403 2724 illa
1454 2668 1637 2725 insint
1670 2666 2082 2725 inflexionibus
2122 2673 2182 2726 et
2218 2649 2673 2726 curvaturis‘li-

566 2773 854 2840 terarum,
917 2775 979 2827 et
1003 2766 1142 2825 inde
1181 2783 1419 2842 quoque
1458 2769 1655 2825 sonis:
1708 2767 1842 2826 inde
1872 2770 2069 2844 patuit
2105 2767 2263 2839 mihi,
2308 2766 2448 2844 quid
2489 2769 2676 2845 signi-

563 2865 775 2925 ficatur
822 2882 934 2943 per
970 2866 1122 2924 hace
1160 2865 1400 2923 Domini
1443 2867 1646 2939 verba,
1719 2867 1968 2942 „Amen
2017 2867 2159 2928 dico
2205 2868 2408 2937 vobio,
2483 2887 2678 2947 usque

564 2963 719 3026 dum
753 2963 1163 3043 praeter-imit
1200 2961 1455 3025 Caelum.
1492 2972 1554 3026 et
1593 2965 1796 3027 Terra
1815 2968 1966 3050 jota
2001 2987 2200 3029 unum
2245 2976 2362 3029 aut
2388 2969 2674 3030 comicu-

563 3062 697 3125 lum
738 3084 937 3126 unum
971 3083 1096 3124 non
1114 3064 1494 3144 praetevihz‘t
1525 3067 1601 3127 de
1627 3065 1866 3148 Leye‚“
1929 3070 2154 3128 Matth:
2195 3070 2282 3128 V:
2345 3072 2459 3145 183
2518 3070 2679 3146 quod

562 3163 830 3238 Verbum
858 3153 1141 3224 Divinum
1179 3167 1257 3224 sit
1293 3166 1491 3242 quoad
1530 3186 1763 3227 omnem
1796 3170 1924 3246 ejus
1960 3173 2212 3246 apicem,
2264 3172 2439 3228 etiam
2467 3176 2675 3229 notum

564 3272 657 3325 est
705 3269 765 3325 in
814 3266 1118 3342 Ecclesia3
1188 3267 1293 3326 sed
1343 3266 1584 3326 ubinam
1633 3269 1917 3327 Divinum
1966 3271 2115 3329 lat-et
2161 3273 2222 3328 in
2275 3274 2431 3329 omni
2478 3273 2674 3347 apice,

559 3367 817 3426 nondum
870 3377 1074 3426 notum
1114 3374 1231 3442 est,
1306 3375 1673 3445 quapropter
1718 3369 1976 3446 dicetur;
2051 3374 2346 3447 scriptura
2386 3375 2445 3430 in
2487 3371 2675 3432 Coelo

558 3470 763 3529 intimo
818 3471 1089 3528 consistit
1139 3486 1208 3528 ex
1265 3471 1447 3527 variis
1483 3469 1688 3528 formis
1740 3470 1973 3528 inflexis
2025 3480 2083 3530 et
2133 3474 2556 3539 circumflexis,
2613 3478 2675 3530 et

559 3570 905 3629 inflexiones
957 3578 1017 3629 et
1062 3569 1575 3629 circumflexiones
1629 3576 1766 3628 sunt
1812 3572 2140 3629 secundum
2191 3572 2438 3631 formam
2488 3571 2672 3647 coeli3

561 3669 783 3745 Angeli
808 3688 919 3747 per
955 3671 1088 3729 illas
1127 3673 1465 3747 exprimunt
1492 3688 1716 3729 arcana
1755 3673 2087 3747 sapientiae
2117 3689 2297 3747 suae,
2349 3680 2407 3731 et
2437 3689 2674 3750 quoque

557 3768 736 3845 plura
792 3788 945 3845 quae
992 3789 1107 3828 non
1158 3778 1416 3848 possunt
1455 3772 1706 3831 vocibus
1755 3774 2064 3831 enuntiare
2079 3794 2097 3849 3
2150 3781 2227 3844 et,
2281 3773 2443 3849 quod
2486 3774 2672 3831 mira-

557 3865 697 3940 bile,
754 3868 917 3927 illam
955 3873 1309 3947 scripturam
1354 3873 1552 3929 sciunt
1580 3871 1797 3948 Angeli
1834 3872 2063 3948 absque
2102 3880 2230 3933 arte
2270 3879 2331 3933 et
2364 3864 2674 3950 magistro,

561 3973 654 4025 est
691 3968 807 4026 illis
851 3969 1040 4027 indita
1081 3972 1239 4028 sicut
1274 3972 1409 4045 ipsa
1457 3970 1732 4047 loquela,
1792 3971 1865 4031 de
1905 3991 2025 4050 qua
2060 3991 2130 4032 n:
2175 3976 2346 4048 2363
2406 3990 2671 4051 quapro-

558 4072 692 4145 pter
744 4071 1047 4145 scriptura
1091 4069 1244 4128 haec
1290 4076 1381 4127 est
1424 4073 1726 4146 scriptura
1761 4073 2075 4133 coelestis:
2141 4075 2301 4151 quod
2339 4074 2529 4134 indita
2576 4075 2671 4146 sit,

559 4174 650 4226 est
690 4171 833 4249 quia
874 4170 1065 4227 omnis
1105 4172 1377 4229 extensio
1419 4173 1844 4247 cogitationum
1883 4181 1943 4234 et
1979 4175 2387 4247 affectionum,
2440 4182 2501 4234 et
2535 4173 2673 4231 inde

542 4270 747 4329 *omnis
799 4271 1251 4331 communicatio
1309 4270 1738 4348 intelligentiae
1798 4282 1856 4331 et
1920 4277 2253 4353 sapientiae
2323 4274 2672 4353 angelorum
