3013 5114
375 429 656 484 GENTES
695 431 828 488 SEU
866 431 1134 489 POPULI
1166 434 1419 496 EXTRA
1461 436 1863 495 ECCLESIAM
1899 439 1974 496 IN
2009 441 2264 504 COELO.
2349 458 2456 508 179

333 598 454 667 est,
505 593 707 651 Patris
720 637 737 668 ,
793 596 879 652 ita
921 611 1158 672 quoque
1194 596 1512 667 Divinum;
1565 599 1718 659 inde·
1741 608 1863 672 est,
1902 603 2064 679 quod
2096 603 2239 680 Ipse
2276 623 2454 667 secus

333 710 405 751 ae
455 693 613 751 ullus
674 693 880 765 hom0‚
972 697 1169 771 quoad
1228 705 1547 774 utrumque
1610 706 2007 761 resurrexerit
2064 701 2185 785 (11):
2293 707 2455 783 quod

332 797 510 853 etiam
549 796 954 856 manifestavit
987 797 1347 874 Discipulis,
1408 802 1512 876 qui
1561 801 1886 861 credebant
1924 805 2127 863 videre
2167 805 2455 883 Spiritum

331 912 467 953 cum
502 896 737 972 Ipsum,
805 898 1087 973 dicendO,
1157 943 1191 973 „
1217 898 1436 961 Videte
1468 919 1701 962 manus
1734 922 1909 962 meas
1944 911 2004 965 ec
2033 905 2228 984 pedes
2261 926 2453 980 meos,

330 995 503 1076 quod
537 996 687 1075 Ipse
731 997 882 1077 Eyo
919 999 1081 1059 sim:
1130 997 1402 1080 palpate
1435 1000 1544 1060 Me
1590 1009 1650 1063 et
1691 1002 1927 1079 videte,
1989 1025 2140 1066 nam
2176 1006 2454 1086 spiritus

329 1115 582 1159 carnem
627 1103 686 1158 et
727 1117 875 1159 ossa
910 1110 1033 1160 non
1067 1100 1276 1176 habet,
1325 1102 1494 1164 sicut
1528 1101 1637 1162 Me
1672 1103 1905 1165 videtis
1951 1105 2238 1180 habere,“
2284 1110 2448 1169 Luc:

329 1199 564 1258 XXIV:
613 1201 725 1260 36.
755 1202 866 1258 37.
897 1202 1005 1274 38,
1042 1191 1107 1289 [3
1125 1198 1215 1281 9,]
1244 1220 1355 1279 per
1392 1222 1546 1280 quae
1583 1204 1885 1276 indicavit,
1925 1204 2086 1283 quod
2122 1226 2238 1268 non
2276 1211 2449 1270 modo

327 1302 406 1358 sit
440 1300 616 1359 homo
646 1300 844 1376 quoad
880 1305 1180 1378 spiritum,
1221 1304 1330 1362 sed
1371 1307 1550 1363 etiam
1588 1305 1787 1382 quoad
1818 1323 2057 1384 corpus,
2336 1323 2353 1334 ⁶

318 1480 321 1485 ⁴
487 1402 569 1460 31
592 1407 649 1460 7.
713 1401 795 1462 Ut
829 1407 1056 1461 sciatur
1105 1405 1264 1480 quod
1316 1405 1490 1464 homo
1527 1412 1667 1483 post
1702 1416 1956 1468 mortem
1994 1412 2188 1486 vivat,
2248 1418 2309 1471 et
2343 1428 2446 1471 se-

328 1503 590 1561 eundum
627 1505 808 1585 vitam
851 1521 1020 1563 suam
1062 1507 1121 1562 in
1158 1505 1376 1564 mundo
1425 1510 1628 1566 veniat
1663 1507 1765 1566 vel
1811 1511 1872 1567 in
1912 1508 2188 1585 Coelum,
2250 1513 2350 1571 vel
2388 1515 2449 1570 in

327 1602 664 1675 Infernum,
722 1607 1103 1664 manifestata
1143 1606 1286 1664 mihi
1324 1615 1464 1666 sunt
1498 1608 1681 1685 plura
1710 1607 1783 1667 de
1821 1617 1983 1668 statu
2019 1610 2273 1672 hominis
2310 1620 2452 1691 post

331 1712 581 1763 mortem
594 1725 609 1781 3
650 1705 723 1764 de
762 1706 976 1782 quibus
1012 1709 1072 1764 in
1108 1708 1534 1784 sequentibus,
1593 1709 1692 1767 ubi
1736 1709 1809 1769 de
1847 1711 2069 1771 Mundo
2109 1715 2445 1790 spirituum,

327 1805 534 1901 orgiine
584 1813 809 1883 agetur.
1140 1803 1162 1829 χ

328 1976 448 2043 De
504 1974 942 2047 Gentibus
999 2002 1153 2047 seu
1215 1978 1597 2152 ΡῧΡυΙὶε
1652 1996 1892 2050 extra
1945 1981 2446 2052 Ecclesiam

1157 2081 1244 2148 in
1372 2080 1596 2151 oelo.

481 2213 645 2273 318.
728 2212 1070 2272 Communis
1120 2217 1319 2290 opinio
1365 2221 1495 2284 est,
1562 2214 1724 2291 quod
1757 2215 1844 2273 illi
1881 2219 1982 2292 qui
2020 2223 2192 2275 extra
2226 2216 2443 2277 Eccle-

321 2314 476 2371 siam
517 2315 644 2372 nati
677 2319 854 2388 sunt,
913 2317 1014 2391 qui
1053 2315 1280 2374 Gentes
1317 2332 1427 2375 seu
1471 2315 1743 2376 Gentiles
1780 2324 2103 2393 vocantur,
2141 2332 2261 2376 non
2294 2335 2452 2394 pos-

323 2416 444 2473 sint
478 2414 735 2489 salvari,
762 2424 850 2475 fex
887 2433 1076 2475 eausa
1105 2420 1245 2492 quia
1281 2433 1397 2475 non
1435 2416 1663 2475 habent
1697 2417 1993 2486 Verbum,
2044 2434 2114 2476 ac
2143 2420 2229 2476 ita
2265 2419 2441 2494 igno-

320 2521 458 2574 rant
490 2516 856 2593 Dominum,
927 2523 988 2575 et
1036 2518 1264 2594 absque
1314 2517 1575 2578 Domino
1625 2516 1790 2575 nulla
1835 2517 2030 2592 salus;
2096 2517 2205 2576 sed
2251 2533 2445 2595 usque

310 2636 405 2688 ,ex
455 2618 555 2676 illo
609 2618 739 2676 solo
788 2622 928 2677 sciri
975 2625 1206 2695 potest,
1273 2618 1431 2695 quod
1478 2619 1567 2677 illi
1621 2635 1857 2699 quoque
1907 2618 2248 2693 salventur,
2306 2621 2447 2695 quia

320 2719 565 2777 Domini
607 2718 1018 2778 Misericordia
1061 2727 1154 2779 est
1189 2720 1580 2790 universalis,
1625 2719 1739 2777 hoe
1782 2725 1903 2791 est,
1962 2736 2106 2797 erga
2141 2720 2410 2795 singulos
2424 2740 2441 2797 3

322 2815 486 2895 quod
525 2820 612 2878 illi
651 2837 845 2896 aeque
883 2828 1208 2881 nascantur
1245 2820 1517 2879 homines
1561 2823 1716 2880 sicut
1757 2821 1858 2897 qui
1895 2822 2051 2879 intra
2085 2820 2440 2898 Ecclesiam,

321 2923 424 2997 qui
457 2923 639 2998 pauci
677 2928 817 2978 sunt
851 2925 1207 2997 respective3
1244 2922 1524 2999 quodque
1563 2939 1769 2981 eorum
1808 2921 1987 2998 culpa
2024 2938 2144 2981 non
2171 2923 2251 2980 sit
2285 2921 2446 2998 quod

320 3023 597 3098 ignorent
638 3021 992 3099 Dominum3
1049 3026 1333 3099 quisque,
1379 3024 1479 3099 qui
1517 3041 1603 3081 ex·
1628 3023 1831 3099 aliqua
1866 3025 2097 3082 ratione
2142 3022 2445 3083 illustrata

316 3126 571 3199 cogitat,
619 3124 825 3182 videre
864 3131 1094 3199 potest,
1153 3124 1314 3199 quod
1361 3124 1559 3184 nullus
1596 3123 1774 3182 homo
1815 3122 1892 3182 ad
1932 3125 2229 3185 infernum
2263 3128 2441 3184 natus

317 3226 424 3299 sit,
485 3233 582 3283 est
622 3226 778 3283 enim
805 3224 1100 3285 Dominus
1136 3224 1278 3301 Ipse
1315 3225 1534 3293 Amor,
1599 3231 1660 3284 et
1693 3226 1878 3284 Amor
1911 3224 2116 3301 Ipsius
2154 3229 2247 3285 est
2281 3224 2439 3284 velle

315 3325 554 3385 salvare
593 3343 798 3385 omnes
812 3345 829 3401 3
889 3344 1072 3402 quare
1114 3328 1292 3385 etiam
1330 3327 1618 3402 providit,
1683 3333 1748 3384 ut
1783 3325 2056 3385 omnibus
2094 3325 2304 3401 religio
2340 3326 2436 3400 sit,

318 3442 391 3485 ae
426 3444 538 3503 per
572 3427 735 3486 illam
766 3429 990 3504 agnitio
1027 3411 1229 3485 Divini
1249 3470 1268 3502 ,
1326 3445 1396 3487 ae
1435 3429 1558 3485 vita
1593 3428 1865 3501 interior,
1916 3443 2053 3485 nam
2087 3428 2292 3484 vivere
2334 3440 2436 3483 se-

314 3527 575 3585 cundum
613 3527 958 3603 religiosum
998 3536 1090 3587 est
1123 3530 1375 3586 interius
1408 3529 1635 3600 vivere,
1675 3533 1913 3604 spectat
1959 3527 2115 3586 enim
2149 3529 2291 3583 tune
2326 3524 2438 3585 Di-

316 3629 551 3702 vinum,
605 3637 661 3686 et
700 3639 983 3705 quantum
1020 3629 1153 3687 Hoc
1182 3608 1418 3704 snectat
1446 3635 1675 3685 tantum
1704 3643 1822 3684 non
1858 3631 2094 3704 spectat
2128 3625 2434 3701 mundum,

311 3728 424 3788 sed
473 3736 743 3788 removet
776 3746 843 3789 se
891 3747 928 3789 a
975 3728 1226 3805 mundo,
1283 3732 1368 3789 ita
1407 3746 1444 3788 a
1491 3730 1619 3786 vita
1663 3726 1896 3799 mundi,
1956 3743 2113 3804 quae
2167 3732 2263 3787 est
2313 3727 2439 3786 vita

312 3832 576 3889 exterior
604 3825 788 3912 (mm).

486 4036 582 4101 (ll)
640 4034 806 4101 Quod
860 4038 1036 4092 bomo
1113 4045 1383 4109 resurgat
1437 4045 1660 4091 tantum
1734 4037 1922 4111 quoad
1982 4037 2282 4109 spiritum,
2366 4055 2433 4090 n:

315 4117 522 4171 10593.
568 4121 775 4174 10594.
858 4114 1028 4192 Quod
1070 4115 1228 4167 solus
1269 4113 1556 4167 Dominus
1613 4113 1787 4167 etiam
1843 4113 2035 4188 quoad
2090 4131 2306 4185 eorpus
2345 4129 2435 4167 re-

310 4190 650 4252 surrexerit,
694 4208 762 4242 n:
808 4200 976 4252 1729·
1013 4198 1185 4251 2083.
1223 4197 1395 4251 5078.
1440 4197 1647 4251 10825·

466 4267 634 4331 (mm)
679 4265 844 4331 Quod
885 4270 1099 4322 Gentes
1139 4284 1322 4338 aeque
1367 4267 1668 4321 salventur
1708 4283 1774 4319 ac
1816 4265 2151 4329 Christiani,
2193 4283 2261 4317 n:
2306 4272 2436 4325 932.

308 4348 480 4402 1032.
523 4349 691 4404 1059.
742 4351 913 4404 2284.
957 4350 1124 4404 2589.
1181 4351 1351 4405 2590.
1410 4351 1582 4404 3778.
1639 4348 2036 4480 41900143920
2134 4341 2218 4393 De
2275 4350 2434 4393 wrte
