3013 5114
929 399 1099 466 Qun)
1140 402 1436 460 MUNDUS
1481 407 1884 470 SPIRITUUM.
2313 434 2320 438 ·
2364 428 2475 483 255

349 558 599 635 fugiunt,
630 561 773 634 quia
800 563 1099 621 aversioni
1125 570 1283 639 sunt,
1327 571 1390 624 at
1424 567 1566 626 mali
1591 571 1835 646 spiritus
1862 581 2158 649 appetunt
2194 579 2334 652 quia
2361 579 2472 640 de-

344 660 653 721 lectationi
689 668 855 739 sunt3
894 664 1052 721 sicut
1081 665 1237 723 enim
1267 667 1520 744 quisque
1547 670 1607 727 in
1635 671 1852 730 mundo
1883 673 2215 734 delectatus
2245 685 2339 737 est
2362 696 2472 741 suo

344 762 523 835 ma10,
553 763 639 820 ita
665 767 807 838 post
835 769 1083 823 mortem
1113 764 1447 825 delectatur
1472 769 1701 830 foetore
1733 775 1826 831 cui
1855 774 2078 834 malum
2106 777 2239 854 ejus
2269 795 2470 841 corre·
2502 812 2505 815 ¹

347 863 640 939 spondet3
698 867 1034 940 comparari
1069 867 1129 923 in
1165 865 1280 925 hoc
1316 876 1576 943 possunt
1609 871 1820 932 avibus
1860 882 1919 933 et
1952 876 2096 936 feris
2123 879 2466 957 rapacibus,

347 970 417 1022 ut
444 966 658 1038 corviS‚
696 962 877 1041 lupiS‚
916 968 1133 1040 porcis,
1176 969 1278 1044 qui
1310 986 1380 1027 ex
1416 978 1706 1048 percepto
1744 974 1950 1035 nidore
1987 977 2065 1036 ad
2100 977 2469 1042 cadaverosa

351 1070 412 1124 et
453 1071 760 1124 stercorea
809 1065 1089 1154 advolant
1139 1076 1198 1126 et
1236 1077 1589 1129 accurrunt:
1646 1074 1849 1134 audivi
1883 1076 2142 1154 aliquem
2186 1077 2304 1141 alte
2354 1100 2465 1143 ex-

348 1166 705 1226 clamantem
753 1167 910 1227 sicut
947 1184 1018 1226 ex
1069 1170 1395 1228 intrinseco
1435 1174 1734 1249 cruciatu,
1793 1193 1926 1235 cum
1963 1178 2122 1238 feriit
2155 1179 2322 1240 illum
2357 1182 2469 1243 ha-

342 1269 487 1328 litus
536 1267 787 1326 effluens
836 1285 867 1327 e
906 1267 1121 1350 Coelo3
1175 1288 1245 1330 ac
1286 1272 1670 1347 tranquillum
1712 1281 1772 1335 et
1807 1277 2063 1355 laetum,
2121 1298 2254 1340 cum
2290 1282 2470 1344 ferie-

340 1370 447 1429 bat
478 1369 649 1429 illum
682 1367 906 1428 halitus
944 1370 1195 1430 effluens
1226 1390 1300 1431 ex
1335 1373 1584 1432 inferno,

500 1471 666 1529 430.
762 1468 917 1530 Sunt
979 1473 1159 1530 etiam
1212 1470 1373 1550 apud
1424 1479 1880 1552 unumquemvis
1930 1458 2228 1542 hominem
2287 1482 2465 1545 binae

339 1581 583 1650 portae,
641 1588 893 1648 quarum
943 1590 1064 1632 una
1098 1580 1268 1649 patet
1310 1573 1386 1633 ad
1424 1574 1757 1653 bisernum,
1811 1585 1870 1639 et
1907 1579 2118 1657 aperta
2160 1590 2252 1644 est
2287 1585 2461 1645 malis

342 1678 406 1733 et
447 1672 615 1731 falsis
662 1670 832 1746 inde,
890 1672 1082 1731 altera
1117 1681 1290 1750 porta
1338 1681 1511 1752 patet
1555 1694 1770 1738 versus
1808 1680 2090 1758 Coelum,
2156 1690 2215 1744 et
2252 1692 2465 1762 aperta

342 1780 438 1834 est
471 1773 642 1833 bonis
685 1779 746 1833 et
772 1776 933 1833 veris
969 1773 1141 1842 inde;
1193 1784 1371 1852 porta
1403 1777 1619 1836 inferni
1663 1786 1873 1855 aperta
1910 1790 2001 1842 est
2028 1784 2149 1844 illis
2186 1788 2288 1863 qui
2323 1792 2464 1845 sunt

335 1877 398 1935 in
438 1874 596 1933 malo
636 1880 698 1935 et
743 1874 880 1933 inde
935 1874 1118 1950 falso,
1177 1884 1237 1937 et
1272 1883 1502 1936 tantum
1554 1896 1666 1955 per
1709 1882 1888 1940 rimas
1929 1899 2189 1960 superne
2238 1886 2464 1963 aliquid

335 1975 488 2035 lucis
527 1993 559 2035 e
596 1976 766 2036 coelo
803 1976 1017 2051 influit,
1057 1995 1169 2052 per
1198 1997 1377 2056 quem
1403 1978 1690 2038 influxum
1729 1980 1907 2040 homo
1944 1991 2149 2060 potest
2177 1989 2459 2064 cogitare,

335 2078 678 2136 ratiocinari
716 2083 774 2136 et
808 2077 1001 2154 loqui3
1056 2086 1231 2154 porta
1268 2086 1469 2139 autem
1515 2077 1682 2140 Coeli
1724 2089 1935 2157 aperta
1979 2092 2072 2143 est
2106 2086 2224 2145 illis
2262 2090 2363 2163 qui
2401 2089 2460 2146 in

333 2179 490 2238 bono
536 2185 595 2237 et
630 2178 768 2237 inde
796 2195 940 2239 vero
968 2187 1135 2237 sunt:
1190 2187 1330 2240 sunt
1359 2182 1518 2240 enim
1551 2181 1726 2241 binae
1762 2185 1897 2242 viae
1935 2202 2088 2262 quae
2127 2187 2352 2246 ducunt
2382 2188 2462 2247 ad

333 2285 593 2340 mentem
643 2279 900 2338 hominis
953 2282 1336 2352 rationalem,
1400 2284 1503 2340 via
1565 2286 1841 2359 superior
1895 2301 2007 2345 seu
2062 2289 2296 2347 interna
2349 2307 2461 2366 per

336 2398 511 2458 quam
548 2383 732 2440 intrat
757 2380 978 2440 bonum
1009 2387 1068 2440 et
1091 2399 1299 2441 verum
1331 2402 1368 2442 a
1392 2383 1669 2457 Domin0‚
1711 2391 1771 2443 et
1804 2387 1904 2443 via
1929 2387 2172 2446 inferior
2207 2405 2318 2448 seu
2348 2407 2456 2448 ex-

331 2486 537 2555 terna,
584 2499 697 2559 per
725 2499 904 2559 quam
931 2483 1152 2542 malum
1192 2490 1253 2543 et
1285 2484 1504 2543 falsum
1535 2484 1870 2543 subintrant
1907 2486 1982 2544 ab
2012 2487 2273 2564 infern03
2316 2490 2457 2566 ,ipsa

332 2584 504 2643 Mens
556 2584 867 2644 rationalis
920 2591 1011 2643 est
1056 2587 1117 2644 in
1169 2586 1364 2644 medio
1425 2586 1504 2645 ad
1550 2602 1727 2660 quam
1778 2586 2028 2646 tendunt
2074 2590 2242 2666 viae3
2312 2590 2451 2651 inde

333 2689 619 2762 quantum
654 2685 805 2745 lucis
844 2702 877 2744 e
909 2684 1092 2745 Coelo
1130 2685 1476 2762 admittitur,
1527 2693 1758 2745 tantum
1789 2685 1968 2748 homo
2001 2690 2308 2750 rationalis
2338 2698 2447 2767 est,

330 2792 616 2863 quantum
660 2793 863 2846 autem
916 2803 1036 2845 non
1090 2774 1451 2857 admittitur,
1501 2786 1754 2847 'tantum
1790 2802 1924 2848 “non
1968 2790 2280 2851 rationalis
2332 2798 2444 2867 est,

328 2894 635 2964 utcunque
676 2887 793 2947 sibi
830 2893 1141 2964 appareat.
1220 2888 1392 2948 Haec
1428 2888 1589 2948 dicta
1625 2894 1794 2959 sunt,
1850 2894 1914 2948 ut
1953 2907 2190 2967 quoque
2226 2893 2453 2953 sciatur

331 2988 525 3065 qualis
555 2988 1083 3065 correspondentia
1121 2995 1213 3048 est
1244 2988 1498 3048 hominis
1538 3007 1671 3049 cum
1709 2988 1891 3050 Coelo
1931 2998 2150 3051 etcum
2176 2993 2416 3055 Inserno
2427 3014 2445 3073 3

327 3106 497 3150 mens
545 3090 674 3168 ejus
725 3089 1066 3164 rationalis,
1125 3090 1265 3148 dum
1316 3092 1377 3148 in
1426 3090 1776 3151 formatione
1833 3099 1951 3167 est,
2018 3096 2449 3171 correspondet

326 3190 550 3252 Mundo
593 3191 945 3267 spirituum3
987 3207 1141 3265 quae
1179 3207 1365 3268 supra
1402 3191 1568 3250 illam
1594 3198 1732 3252 sunt
1761 3192 1974 3268 Coelo,
2015 3200 2074 3253 et
2111 3213 2266 3271 quae
2292 3197 2447 3256 infra

322 3291 595 3366 Infern03
649 3292 756 3350 illa
792 3308 948 3367 quae
989 3307 1177 3368 supra
1213 3292 1375 3351 illam
1422 3298 1562 3352 sunt
1604 3297 1954 3371 aperiuntur
1995 3300 2056 3353 et
2095 3313 2249 3372 quae
2289 3296 2446 3354 infra

323 3392 490 3452 illam
530 3392 893 3452 clauduntur
928 3409 1041 3470 pro
1068 3393 1297 3452 influxu
1332 3393 1475 3477 mali
1512 3400 1572 3453 et
1595 3394 1733 3454 falsi
1768 3394 1928 3471 apud
1964 3393 2096 3453 illos
2135 3397 2236 3471 qui
2260 3412 2443 3471 prae-

324 3499 614 3569 parantur
651 3493 728 3551 ad
765 3491 1043 3569 Coelum3
1098 3500 1162 3553 at
1194 3475 1301 3553 illa
1339 3511 1493 3569 quae
1530 3496 1684 3553 infra
1717 3495 1884 3554 illam
1919 3499 2059 3553 sunt
2095 3496 2445 3571 aperiuntur

326 3600 390 3652 et
430 3609 585 3668 quae
622 3609 808 3668 supra
840 3594 1002 3652 illam
1041 3595 1392 3655 clauduntur
1426 3612 1536 3671 pro
1571 3595 1798 3654 influxu
1836 3594 1985 3654 boni*
2018 3600 2078 3653 et
2118 3597 2247 3654 veri
2280 3596 2443 3673 apud

305 3693 457 3767 illos
501 3695 605 3770 qui
642 3701 1079 3769 praeparantur
1113 3696 1190 3754 ad
1236 3695 1576 3771 Infernum3
1630 3694 1768 3753 inde
1806 3694 1869 3753 hi
1914 3712 2030 3754 non
2081 3695 2257 3755 aliter
2294 3714 2442 3774 spe-

320 3801 487 3856 ctare
536 3800 795 3871 possunt
836 3812 1012 3872 quam
1051 3798 1206 3856 infra
1244 3813 1346 3872 se,
1400 3795 1516 3855 hoc
1569 3804 1693 3870 est,
1759 3795 1834 3854 ad
1870 3797 2189 3872 infernum,
2261 3805 2320 3858 et
2354 3799 2444 3859 illi

319 3914 441 3957 non
476 3896 650 3957 aliter
703 3913 880 3973 quam
929 3912 1116 3973 supra
1163 3914 1262 3967 se,
1317 3898 1441 3957 hoc
1497 3903 1618 3972 est,
1677 3897 1754 3956 ad
1808 3897 2092 3958 Coelum:
2163 3906 2442 3975 spectare

324 4014 510 4073 supra
536 4014 604 4057 se
633 4005 727 4059 est
754 3998 830 4056 ad
857 3997 1202 4070 Dominum,
1233 4002 1372 4075 quia
1406 3998 1518 4057 Ille
1557 4004 1649 4057 est
1678 3998 1963 4059 Centrum
1991 4018 2322 4076 commune,
2362 4001 2442 4060 ad

325 4098 489 4175 quod
522 4105 799 4176 spectant
834 4101 1031 4158 omnia
1079 4098 1278 4169 Coeli,
1348 4106 1411 4158 at
1445 4106 1725 4176 spectare
1768 4102 1923 4162 infra
1970 4118 2038 4161 se
2077 4110 2171 4162 est
2204 4107 2365 4163 retro
2403 4117 2440 4159 a

319 4198 581 4258 Domino
617 4200 694 4258 ad
731 4199 1016 4260 Centrum
1051 4204 1426 4277 oppositum,
1468 4202 1547 4259 ad
1582 4201 1743 4278 quod
1778 4208 2056 4280 spectant
2085 4211 2145 4263 et
2182 4206 2440 4279 vergunt

318 4302 519 4360 omnia
550 4302 797 4373 inferni,
832 4301 1110 4367 videatur
1143 4318 1331 4379 supra
1365 4320 1439 4361 n:
1488 4304 1624 4362 123
1658 4308 1719 4361 et
1754 4304 1912 4361 124.
