3013 5114
591 418 699 468 216
1087 412 1102 437 ³
1205 405 1295 458 ΗΕ
1341 405 1583 458 COELO
1628 404 1720 456 ET
1759 404 2095 468 ,INFERNQ

592 565 934 643 spirituales
951 609 968 639 ,
1027 570 1087 621 et
1120 581 1231 640 per
1266 563 1402 622 illas
1441 580 1509 622 se
1548 579 1619 620 ex
1664 563 1911 639 propria
1947 561 2341 637 intelligentia
2376 560 2581 635 yolunt
2616 563 2713 619 in-

587 666 907 726 troducere
942 667 1003 723 in
1037 663 1144 721 illa
1169 681 1323 741 quae
1356 663 1527 722 Coeli
1563 670 1623 722 et
1659 663 1969 721 Ecclesiae
2003 668 2175 736 sunt,
2242 661 2399 736 quod
2434 663 2576 738 quia
2621 669 2717 720 est

591 773 803 826 contra
839 765 1106 824 ordinem
1140 765 1451 838 Divinum,
1496 763 1711 823 dicitur
1758 763 1918 840 quod
1953 762 2187 820 facilius
2226 765 2305 821 sit
2339 763 2568 821 camelo
2603 780 2715 839 per

590 867 860 927 foramen
906 882 1049 923 acus
1089 868 1372 940 transire;
1411 865 1470 921 in
1509 863 1611 921 illo
1650 867 1802 923 enim
1835 879 2021 922 sensu
2058 880 2168 940 per
2203 862 2498 941 camelum
2526 865 2714 939 signi-

588 968 803 1029 ficatur
851 958 1210 1042 cognitivum
1254 972 1315 1025 et
1350 964 1740 1023 scientificum
1791 967 1850 1022 in
1894 981 2141 1039 genere,
2200 970 2256 1022 et
2292 981 2404 1038 per
2445 964 2715 1023 foramen

590 1084 737 1127 acus
774 1085 979 1139 verum
1010 1066 1321 1142 spirituale
1353 1061 1471 1144 (k):
1529 1065 1690 1140 quod
1718 1083 1839 1140 per..
1857 1064 2152 1122 camelum
2183 1070 2242 1122 et
2268 1064 2536 1122 foramen
2565 1079 2711 1122 acus

590 1167 696 1226 illa
730 1167 1136 1243 intelligantur
1156 1211 1171 1239 ,
1215 1184 1331 1225 non
1367 1164 1546 1223 hodie
1576 1167 1782 1235 scitur,
1822 1167 1964 1241 quia
1991 1182 2109 1223 non
2137 1164 2253 1223 huc
2282 1180 2473 1238 usque
2501 1170 2716 1240 aperta

590 1269 704 1328 fuit
739 1269 1022 1342 scientia,
1082 1284 1237 1349 quae
1275 1266 1448 1325 docet
1485 1265 1628 1341 quid
1671 1268 1730 1324 in
1768 1282 1950 1324 sensu
2002 1265 2303 1340 spirituali
2349 1263 2716 1340 significatur

598 1385 711 1445 per
745 1368 851 1426 illa
889 1384 1043 1443 quae
1083 1369 1142 1424 in
1183 1383 1365 1425 sensu
1400 1365 1622 1424 literali
1661 1368 1718 1423 in
1760 1365 1964 1425 Verbo
1995 1365 2156 1424 dicta
2190 1372 2354 1440 sunt,
2409 1367 2469 1422 in
2504 1366 2714 1440 singu-

590 1469 667 1528 lis
716 1470 874 1527 enim
927 1466 1116 1526 Verbi
1163 1465 1491 1543 spiritualis
1547 1482 1763 1525 sensus
1819 1473 1938 1539 est,
2010 1472 2069 1524 et
2122 1482 2358 1541 quoque
2405 1464 2716 1554 naturaliS,

592 1585 730 1626 nam
785 1567 1089 1641 Verbum,
1158 1573 1226 1624 ut
1280 1567 1618 1643 conjunctio
1671 1573 1836 1625 esset
1881 1566 2050 1625 Coeli
2100 1584 2233 1626 cum
2286 1565 2532 1640 mundo,
2603 1581 2716 1623 seu

594 1668 966 1744 Angelorum
1017 1685 1150 1725 cum
1204 1666 1578 1742 hominibuS,
1637 1672 1958 1743 postquam
1996 1667 2172 1726 desiit
2215 1654 2554 1743 comunctio
2596 1667 2712 1722 im-

592 1769 883 1842 mediata,
938 1785 1048 1844 per
1090 1764 1294 1826 meras'
1338 1767 1900 1844 correspondentias
1949 1767 2309 1825 naturalium
2360 1784 2493 1825 cum
2533 1767 2714 1842 spiri·

596 1869 861 1927 tualibus
902 1871 1306 1944 conscriptum
1356 1875 1480 1925 est:
1554 1868 1690 1926 inde
1740 1874 1938 1945 patet,
2009 1871 2249 1943 quinam
2301 1885 2412 1943 per
2471 1866 2717 1924 divitem

594 1969 677 2027 ibi
727 1971 786 2027 in
839 1972 1043 2046 specie
1099 1968 1531 2044 intelliguntur.
1631 1968 1807 2043 Quod
1853 1985 1965 2043 per
2011 1968 2249 2026 Divites
2299 1969 2357 2024 in
2408 1967 2609 2025 Verbo
2656 1969 2743 2022 in·

593 2086 781 2128 sensu
823 2068 1122 2146 spirituali
1161 2068 1570 2144 intelligantur
1606 2071 1708 2144 qui
1741 2070 1802 2124 in
1842 2067 2276 2143 cognitionibus
2313 2068 2440 2125 veri
2487 2075 2546 2125 et
2579 2066 2720 2124 boni

596 2175 776 2242 sunt,
833 2174 893 2226 et
945 2186 1057 2244 per
1107 2168 1369 2226 Divitias
1419 2169 1592 2243 ipsae
1643 2170 2039 2244 cognitiones,
2097 2185 2250 2243 quae
2296 2184 2534 2242 quoque
2582 2171 2722 2224 sunt

602 2268 843 2326 divitiae
883 2268 1259 2344 spirituales,
1319 2286 1392 2325 ex
1434 2270 1616 2325 variis
1653 2267 1801 2326 locis
1839 2267 1922 2325 ibi
1959 2275 2234 2327 constare
2277 2273 2507 2343 potest,
2565 2283 2719 2342 quae

596 2367 917 2427 videantur
965 2367 1141 2426 Esai:
1190 2366 1345 2443 Cap:
1395 2367 1487 2426 X:
1550 2371 1657 2425 12.
1720 2369 1827 2426 13.
1885 2371 1992 2426 14.
2071 2366 2233 2444 Cap:
2275 2367 2492 2426 XXX:
2552 2370 2607 2425 6.
2660 2372 2717 2424 7.

596 2468 758 2545 Cap:
810 2467 1016 2528 XLV:
1076 2471 1132 2527 3.
1209 2469 1447 2547 Jerem:
1504 2468 1661 2544 Cap:
1713 2466 1926 2526 XVII:
1985 2470 2044 2527 3.
2120 2467 2278 2544 Cap:
2329 2466 2593 2526 XLVII:
2658 2473 2717 2524 7.

596 2569 759 2647 Cap:
814 2570 897 2628 L:
958 2572 1064 2629 36.
1128 2572 1239 2628 37.
1318 2568 1477 2646 Cap:
1529 2569 1638 2628 LI:
1697 2571 1806 2627 13.
1876 2568 2044 2627 Dan:
2100 2569 2260 2645 Cap:
2311 2568 2398 2626 V:
2444 2571 2504 2625 2.
2552 2570 2611 2625 3.
2657 2572 2716 2625 4.

594 2670 829 2729 Ezech:
862 2670 1023 2746 Cap:
1061 2669 1313 2729 XXVI:
1362 2676 1419 2727 7.
1470 2674 1581 2727 12.
1625 2669 1785 2744 Cap:
1825 2668 2089 2732 XXVII:
2140 2673 2168 2726 l
2209 2670 2283 2736 ad
2319 2669 2428 2741 fin:
2471 2668 2718 2727 Sachar:

597 2769 759 2846 Cap:
796 2768 926 2829 IX:
984 2772 1044 2828 3.
1090 2772 1152 2827 4.
1210 2769 1446 2828 Psalm:
1505 2768 1712 2828 XLV:
1778 2771 1885 2827 13.
1941 2769 2176 2829 Hosch:
2236 2768 2393 2846 Cap:
2448 2768 2603 2826 XII:
2662 2771 2719 2827 9.

596 2871 795 2946 Apoc:
850 2869 1010 2947 Cap:
1069 2868 1193 2927 III:
1262 2873 1369 2928 17.
1422 2870 1529 2927 18.
1598 2867 1756 2927 Luc:
1811 2868 1971 2945 Cap:
2022 2870 2203 2929 XIV:
2264 2852 2389 2929 33:=
2457 2876 2515 2928 et
2551 2868 2723 2927 alibi:

752 3148 840 3212 (k)
885 3146 1050 3212 Quod
1096 3148 1362 3200 Camelus
1409 3148 1465 3199 in
1508 3149 1706 3201 Verbo
1736 3150 2021 3220 significet
2049 3150 2405 3222 cognitivum
2450 3160 2505 3202 et
2546 3150 2724 3202 scien-

597 3223 815 3275 tificum
854 3223 911 3275 in
945 3239 1177 3295 genere,
1224 3241 1293 3277 n:
1338 3231 1504 3283 3048·
1543 3231 1714 3284 3071.
1747 3234 1913 3285 3143.
1947 3234 2115 3287 3145.
2201 3225 2347 3291 Quid
2376 3226 2727 3296 acupietum,

597 3300 983 3372 acupingere‚
1030 3310 1085 3351 et
1125 3299 1258 3352 inde
1305 3300 1445 3372 quid
1484 3316 1652 3364 acus,
1709 3319 1777 3353 n:
1822 3309 1991 3361 9688.
2073 3303 2244 3379 Quod
2288 3319 2355 3353 ex
2397 3300 2726 3354 scientifie‘is

599 3374 819 3429 intrare
872 3375 930 3427 in
981 3392 1114 3427 vera
1165 3374 1298 3427 fidei
1353 3375 1427 3427 sit
1466 3386 1667 3427 contra
1719 3376 1994 3431 Divinum
2028 3375 2342 3441 ordinem,
2404 3394 2476 3429 n:
2520 3384 2724 3437 10236.

600 3448 776 3515 Quod
803 3451 887 3502 illi
933 3451 1030 3522 qui
1075 3449 1133 3502 id
1174 3450 1394 3503 faciunt
1436 3450 1576 3502 fiant
1598 3452 1809 3504 Xvesani
1873 3452 2063 3524 quoad
2120 3453 2215 3505 illa
2266 3469 2413 3524 quae
2457 3452 2629 3510 Coeli⁴
2670 3460 2727 3503 et

598 3527 895 3580 Ecclesiae
934 3535 1084 3589 sunt,
1129 3543 1198 3580 ηε
1247 3534 1375 3586 128.
1416 3534 1546 3586 129.
1594 3535 1722 3587 130.
1765 3535 1896 3586 232.
1940 3536 2071 3588 233.
2119 3535 2286 3589 6047.
2368 3529 2440 3579 Et
2472 3526 2629 3597 quod
2668 3525 2725 3577 in

600 3603 783 3656 altera
818 3603 964 3666 vita,
1009 3620 1135 3654 cum
1173 3601 1245 3656 de
1284 3602 1690 3675 spiritualibus
1734 3603 2202 3674 cogitant„fiant
2241 3604 2403 3675 quasi
2453 3602 2626 3666 ebrii,
2669 3617 2725 3652 n:

606 3684 775 3737 1072.
835 3676 1058 3742 Quales
1080 3695 1261 3748 porro
1303 3687 1454 3743 sunt,
1501 3686 1630 3739 196.
1708 3679 1982 3750 Exempla
2020 3678 2387 3740 illustrantia,
2433 3677 2589 3749 quod
2619 3678 2729 3747 spi·

599 3752 833 3805 ritualia
874 3771 992 3805 non
1028 3751 1154 3823 capi
1189 3754 1453 3825 possint,
1519 3755 1563 3805 si
1619 3771 1726 3824 per
1769 3754 1865 3807 illa
1910 3754 2187 3817 intratur,
2251 3773 2321 3808 n:
2383 3761 2512 3813 ‘233-
2559 3758 2730 3812 2094.

600 3835 773 3887 2196.
834 3827 1219 3888 2203.-2209.
1316 3827 1482 3893 Quod
1537 3846 1569 3881 e
1623 3829 1913 3899 spirituali
1968 3833 2128 3882 Vero
2196 3829 2414 3881 intrare
2458 3828 2728 3902 liceatlin

602 3903 915 3957 scientifica
965 3920 1110 3975 quae
1151 3906 1433 3957 naturalis
1487 3904 1772 3967 hominiS‚
1842 3923 1958 3957 non
2008 3915 2196 3958 autem
2240 3905 2528 3968 vicissim,
2595 3904 2729 3973 quia

602 3976 849 4030 influxus
890 3977 1207 4048 spiritualis
1258 3979 1317 4029 in
1371 3980 1634 4031 naturale
1689 3979 1888 4043 datur,
1958 3998 2076 4032 non
2118 3989 2306 4032 autem
2351 3979 2596 4031 influxus
2638 3985 2741 4030 na·'

601 4052 808 4104 turalis
851 4054 908 4104 in
952 4051 1281 4121 spirituale,
1349 4071 1413 4106 n:
1478 4061 1645 4114 3219.
1692 4064 1860 4114 5119.
1910 4063 2075 4115 5259.
2127 4063 2292 4116 5427.
2344 4062 2511 4115 5428.
2558 4059 2728 4112 5478.

595 4135 773 4190 6322.
824 4135 991 4187 9110.
1039 4134 1205 4186 9111·
1300 4128 1467 4203 Quod
1513 4131 1763 4201 primum
1809 4130 2168 4200 agnoscenda
2211 4131 2325 4183 sint
2366 4146 2503 4182 vera
2545 4128 2729 4180 Verbi

604 4215 661 4257 et
719 4205 1038 4265 Ecclesiae,
1102 4213 1157 4255 et
1198 4203 1331 4255 dein
1389 4206 1557 4258 liccat
1599 4207 1906 4259 consulere
1962 4207 2317 4275 scientifica,
2384 4223 2498 4257 non
2541 4214 2731 4256 autem

604 4278 732 4333 vice
779 4297 973 4346 versa,
1031 4297 1098 4334 nc
1144 4286 1308 4339 6047.
1768 4281 1778 4291 “
