<?xml version="1.0" encoding="UTF-8"?>
<!DOCTYPE html PUBLIC "-//W3C//DTD XHTML 1.0 Transitional//EN"
    "http://www.w3.org/TR/xhtml1/DTD/xhtml1-transitional.dtd">
<html xmlns="http://www.w3.org/1999/xhtml" xml:lang="en" lang="en">
 <head>
  <title>
</title>
<meta http-equiv="Content-Type" content="text/html;charset=utf-8" />
  <meta name='ocr-system' content='tesseract 3.04.00' />
  <meta name='ocr-capabilities' content='ocr_page ocr_carea ocr_par ocr_line ocrx_word'/>
</head>
<body>
  <div class='ocr_page' id='page_1' title='image "./decoeloetejusmi00tafegoog_0342.png"; bbox 0 0 3013 5114; ppageno 0'>
   <div class='ocr_carea' id='block_1_1' title="bbox 591 421 2091 491">
    <p class='ocr_par' dir='ltr' id='par_1_1' title="bbox 591 421 2091 491">
     <span class='ocr_line' id='line_1_1' title="bbox 591 421 2091 491; baseline -0.008 0"><span class='ocrx_word' id='word_1_1' title='bbox 591 437 701 491; x_wconf 78' lang='lat'><strong>336</strong></span> <span class='ocrx_word' id='word_1_2' title='bbox 1202 425 1300 480; x_wconf 81' lang='lat' dir='ltr'><strong>DE</strong></span> <span class='ocrx_word' id='word_1_3' title='bbox 1341 423 1578 479; x_wconf 80' lang='lat' dir='ltr'><strong>col-:Lo</strong></span> <span class='ocrx_word' id='word_1_4' title='bbox 1619 422 1713 478; x_wconf 83' lang='grc' dir='ltr'><strong>ΕΤ</strong></span> <span class='ocrx_word' id='word_1_5' title='bbox 1751 421 2091 479; x_wconf 74' lang='lat' dir='ltr'><strong>INFERNO.</strong></span> 
     </span>
    </p>
   </div>
   <div class='ocr_carea' id='block_1_2' title="bbox 578 581 2796 4388">
    <p class='ocr_par' dir='ltr' id='par_1_2' title="bbox 587 581 2722 1969">
     <span class='ocr_line' id='line_1_2' title="bbox 592 581 2721 663; baseline -0.002 -14"><span class='ocrx_word' id='word_1_6' title='bbox 592 592 685 649; x_wconf 76' lang='lat' dir='ltr'><strong>vis</strong></span> <span class='ocrx_word' id='word_1_7' title='bbox 738 584 1081 663; x_wconf 76' lang='lat' dir='ltr'><strong>aequivalet</strong></span> <span class='ocrx_word' id='word_1_8' title='bbox 1133 582 1193 643; x_wconf 76' lang='lat' dir='ltr'><strong>vi</strong></span> <span class='ocrx_word' id='word_1_9' title='bbox 1243 584 1526 657; x_wconf 87' lang='lat' dir='ltr'><strong>alterius,</strong></span> <span class='ocrx_word' id='word_1_10' title='bbox 1598 582 1710 643; x_wconf 90' lang='lat' dir='ltr'><strong>sed</strong></span> <span class='ocrx_word' id='word_1_11' title='bbox 1754 590 1849 642; x_wconf 90' lang='lat' dir='ltr'><strong>est</strong></span> <span class='ocrx_word' id='word_1_12' title='bbox 1898 581 2341 660; x_wconf 65' lang='lat' dir='ltr'><strong>aequilibrium</strong></span> <span class='ocrx_word' id='word_1_13' title='bbox 2385 584 2721 661; x_wconf 80' lang='lat' dir='ltr'><strong>spirituale,</strong></span> 
     </span>
     <span class='ocr_line' id='line_1_3' title="bbox 591 683 2722 764; baseline -0.001 -16"><span class='ocrx_word' id='word_1_14' title='bbox 591 705 809 764; x_wconf 81' lang='lat' dir='ltr'>nempe</span> <span class='ocrx_word' id='word_1_15' title='bbox 858 686 997 745; x_wconf 80' lang='lat' dir='ltr'><strong>falsi</strong></span> <span class='ocrx_word' id='word_1_16' title='bbox 1054 694 1264 744; x_wconf 88' lang='lat' dir='ltr'><strong>contra</strong></span> <span class='ocrx_word' id='word_1_17' title='bbox 1313 703 1556 755; x_wconf 76' lang='lat' dir='ltr'><strong>verum,</strong></span> <span class='ocrx_word' id='word_1_18' title='bbox 1623 691 1684 742; x_wconf 89' lang='lat' dir='ltr'><strong>et</strong></span> <span class='ocrx_word' id='word_1_19' title='bbox 1733 683 1878 742; x_wconf 86' lang='lat' dir='ltr'><strong>mali</strong></span> <span class='ocrx_word' id='word_1_20' title='bbox 1921 690 2132 743; x_wconf 87' lang='lat' dir='ltr'><strong>contra</strong></span> <span class='ocrx_word' id='word_1_21' title='bbox 2177 683 2435 760; x_wconf 88' lang='lat' dir='ltr'><strong>bonum;</strong></span> <span class='ocrx_word' id='word_1_22' title='bbox 2505 701 2581 744; x_wconf 83' lang='lat' dir='ltr'><strong>ex</strong></span> <span class='ocrx_word' id='word_1_23' title='bbox 2613 685 2722 745; x_wconf 88' lang='lat' dir='ltr'><strong>In-</strong></span> 
     </span>
     <span class='ocr_line' id='line_1_4' title="bbox 591 783 2721 863; baseline -0.001 -14"><span class='ocrx_word' id='word_1_24' title='bbox 591 791 760 849; x_wconf 78' lang='lat' dir='ltr'><strong>ferno</strong></span> <span class='ocrx_word' id='word_1_25' title='bbox 811 789 1089 846; x_wconf 84' lang='lat' dir='ltr'><strong>continue</strong></span> <span class='ocrx_word' id='word_1_26' title='bbox 1138 788 1329 863; x_wconf 87' lang='lat' dir='ltr'><strong>spirat</strong></span> <span class='ocrx_word' id='word_1_27' title='bbox 1377 785 1593 843; x_wconf 85' lang='lat' dir='ltr'><strong>salsum</strong></span> <span class='ocrx_word' id='word_1_28' title='bbox 1630 801 1700 843; x_wconf 80' lang='lat' dir='ltr'><strong>ex</strong></span> <span class='ocrx_word' id='word_1_29' title='bbox 1738 784 1925 856; x_wconf 87' lang='lat' dir='ltr'><strong>malo,</strong></span> <span class='ocrx_word' id='word_1_30' title='bbox 1993 792 2057 843; x_wconf 91' lang='lat' dir='ltr'><strong>et</strong></span> <span class='ocrx_word' id='word_1_31' title='bbox 2092 802 2169 843; x_wconf 86' lang='lat' dir='ltr'><strong>ex</strong></span> <span class='ocrx_word' id='word_1_32' title='bbox 2213 783 2402 844; x_wconf 91' lang='lat' dir='ltr'><strong>Coelo</strong></span> <span class='ocrx_word' id='word_1_33' title='bbox 2439 789 2721 847; x_wconf 87' lang='lat' dir='ltr'><strong>continue</strong></span> 
     </span>
     <span class='ocr_line' id='line_1_5' title="bbox 591 885 2722 962; baseline -0 -14"><span class='ocrx_word' id='word_1_34' title='bbox 591 907 802 948; x_wconf 78' lang='lat' dir='ltr'><strong>verum</strong></span> <span class='ocrx_word' id='word_1_35' title='bbox 849 906 923 947; x_wconf 79' lang='lat' dir='ltr'><strong>ex</strong></span> <span class='ocrx_word' id='word_1_36' title='bbox 960 888 1151 956; x_wconf 85' lang='lat' dir='ltr'><strong>bono;</strong></span> <span class='ocrx_word' id='word_1_37' title='bbox 1205 887 1321 945; x_wconf 85' lang='lat' dir='ltr'><strong>hoc</strong></span> <span class='ocrx_word' id='word_1_38' title='bbox 1357 886 1777 962; x_wconf 81' lang='lat' dir='ltr'><strong>aequilibrium</strong></span> <span class='ocrx_word' id='word_1_39' title='bbox 1828 885 2144 961; x_wconf 72' lang='lat' dir='ltr'><strong>spirituale</strong></span> <span class='ocrx_word' id='word_1_40' title='bbox 2181 893 2305 959; x_wconf 87' lang='lat' dir='ltr'><strong>est,</strong></span> <span class='ocrx_word' id='word_1_41' title='bbox 2362 887 2526 961; x_wconf 89' lang='lat' dir='ltr'><strong>quod</strong></span> <span class='ocrx_word' id='word_1_42' title='bbox 2576 888 2722 947; x_wconf 77' lang='lat' dir='ltr'><strong>facit</strong></span> 
     </span>
     <span class='ocr_line' id='line_1_6' title="bbox 591 986 2721 1063; baseline 0 -15"><span class='ocrx_word' id='word_1_43' title='bbox 591 996 659 1048; x_wconf 92' lang='lat' dir='ltr'><strong>ut</strong></span> <span class='ocrx_word' id='word_1_44' title='bbox 691 989 870 1048; x_wconf 89' lang='lat' dir='ltr'><strong>homo</strong></span> <span class='ocrx_word' id='word_1_45' title='bbox 907 990 987 1046; x_wconf 90' lang='lat' dir='ltr'><strong>sit</strong></span> <span class='ocrx_word' id='word_1_46' title='bbox 1013 991 1076 1046; x_wconf 89' lang='lat' dir='ltr'><strong>in</strong></span> <span class='ocrx_word' id='word_1_47' title='bbox 1110 987 1300 1047; x_wconf 86' lang='lat' dir='ltr'><strong>libero</strong></span> <span class='ocrx_word' id='word_1_48' title='bbox 1329 987 1631 1063; x_wconf 88' lang='lat' dir='ltr'><strong>cogitandi</strong></span> <span class='ocrx_word' id='word_1_49' title='bbox 1656 994 1718 1045; x_wconf 92' lang='lat' dir='ltr'><strong>et</strong></span> <span class='ocrx_word' id='word_1_50' title='bbox 1745 986 2016 1061; x_wconf 80' lang='lat' dir='ltr'><strong>volendi3</strong></span> <span class='ocrx_word' id='word_1_51' title='bbox 2054 1004 2191 1045; x_wconf 91' lang='lat' dir='ltr'><strong>nam</strong></span> <span class='ocrx_word' id='word_1_52' title='bbox 2221 987 2508 1063; x_wconf 91' lang='lat' dir='ltr'><strong>quicquid</strong></span> <span class='ocrx_word' id='word_1_53' title='bbox 2538 987 2721 1048; x_wconf 88' lang='lat' dir='ltr'><strong>homo</strong></span> 
     </span>
     <span class='ocr_line' id='line_1_7' title="bbox 594 1086 2721 1167; baseline -0.001 -16"><span class='ocrx_word' id='word_1_54' title='bbox 594 1093 819 1167; x_wconf 81' lang='lat' dir='ltr'><strong>cogitat</strong></span> <span class='ocrx_word' id='word_1_55' title='bbox 855 1096 914 1149; x_wconf 91' lang='lat' dir='ltr'><strong>et</strong></span> <span class='ocrx_word' id='word_1_56' title='bbox 952 1089 1112 1162; x_wconf 87' lang='lat' dir='ltr'><strong>vult,</strong></span> <span class='ocrx_word' id='word_1_57' title='bbox 1164 1106 1230 1147; x_wconf 90' lang='lat' dir='ltr'><strong>se</strong></span> <span class='ocrx_word' id='word_1_58' title='bbox 1267 1088 1452 1146; x_wconf 78' lang='lat' dir='ltr'><strong>refert</strong></span> <span class='ocrx_word' id='word_1_59' title='bbox 1485 1086 1586 1146; x_wconf 78' lang='lat' dir='ltr'><strong>vel</strong></span> <span class='ocrx_word' id='word_1_60' title='bbox 1634 1087 1710 1145; x_wconf 89' lang='lat' dir='ltr'><strong>ad</strong></span> <span class='ocrx_word' id='word_1_61' title='bbox 1758 1086 1978 1145; x_wconf 91' lang='lat' dir='ltr'><strong>malum</strong></span> <span class='ocrx_word' id='word_1_62' title='bbox 2028 1093 2088 1146; x_wconf 91' lang='lat' dir='ltr'><strong>et</strong></span> <span class='ocrx_word' id='word_1_63' title='bbox 2132 1087 2272 1146; x_wconf 91' lang='lat' dir='ltr'><strong>inde</strong></span> <span class='ocrx_word' id='word_1_64' title='bbox 2306 1087 2566 1163; x_wconf 77' lang='lat' dir='ltr'><strong>falsum,</strong></span> <span class='ocrx_word' id='word_1_65' title='bbox 2621 1089 2721 1150; x_wconf 74' lang='lat' dir='ltr'><strong>vel</strong></span> 
     </span>
     <span class='ocr_line' id='line_1_8' title="bbox 595 1187 2717 1266; baseline -0 -16"><span class='ocrx_word' id='word_1_66' title='bbox 595 1192 673 1250; x_wconf 92' lang='lat' dir='ltr'><strong>ad</strong></span> <span class='ocrx_word' id='word_1_67' title='bbox 706 1190 929 1249; x_wconf 89' lang='lat' dir='ltr'><strong>bonum</strong></span> <span class='ocrx_word' id='word_1_68' title='bbox 966 1198 1025 1248; x_wconf 88' lang='lat' dir='ltr'><strong>et</strong></span> <span class='ocrx_word' id='word_1_69' title='bbox 1062 1189 1197 1248; x_wconf 88' lang='lat' dir='ltr'><strong>inde</strong></span> <span class='ocrx_word' id='word_1_70' title='bbox 1233 1205 1477 1260; x_wconf 83' lang='lat' dir='ltr'><strong>verum,</strong></span> <span class='ocrx_word' id='word_1_71' title='bbox 1512 1187 1764 1264; x_wconf 87' lang='lat' dir='ltr'><strong>proinde</strong></span> <span class='ocrx_word' id='word_1_72' title='bbox 1800 1205 1934 1245; x_wconf 87' lang='lat' dir='ltr'><strong>cum</strong></span> <span class='ocrx_word' id='word_1_73' title='bbox 1970 1187 2170 1257; x_wconf 75' lang='lat' dir='ltr'><strong>injuo</strong></span> <span class='ocrx_word' id='word_1_74' title='bbox 2206 1188 2563 1266; x_wconf 80' lang='lat' dir='ltr'><strong>aequilibrio</strong></span> <span class='ocrx_word' id='word_1_75' title='bbox 2603 1196 2717 1266; x_wconf 82' lang='lat' dir='ltr'><strong>est,</strong></span> 
     </span>
     <span class='ocr_line' id='line_1_9' title="bbox 597 1288 2720 1364; baseline -0.001 -13"><span class='ocrx_word' id='word_1_76' title='bbox 597 1295 660 1351; x_wconf 87' lang='lat' dir='ltr'><strong>in</strong></span> <span class='ocrx_word' id='word_1_77' title='bbox 692 1292 885 1351; x_wconf 88' lang='lat' dir='ltr'><strong>libero</strong></span> <span class='ocrx_word' id='word_1_78' title='bbox 923 1302 1017 1349; x_wconf 87' lang='lat' dir='ltr'><strong>est</strong></span> <span class='ocrx_word' id='word_1_79' title='bbox 1052 1290 1150 1348; x_wconf 80' lang='lat' dir='ltr'><strong>vel</strong></span> <span class='ocrx_word' id='word_1_80' title='bbox 1196 1289 1548 1347; x_wconf 89' lang='lat' dir='ltr'><strong>admittendi</strong></span> <span class='ocrx_word' id='word_1_81' title='bbox 1586 1300 1692 1347; x_wconf 92' lang='lat' dir='ltr'><strong>aut</strong></span> <span class='ocrx_word' id='word_1_82' title='bbox 1726 1288 2058 1364; x_wconf 87' lang='lat' dir='ltr'><strong>recipiendi</strong></span> <span class='ocrx_word' id='word_1_83' title='bbox 2084 1288 2322 1351; x_wconf 81' lang='lat' dir='ltr'><strong>malum</strong></span> <span class='ocrx_word' id='word_1_84' title='bbox 2336 1297 2398 1348; x_wconf 89' lang='lat' dir='ltr'><strong>et</strong></span> <span class='ocrx_word' id='word_1_85' title='bbox 2423 1288 2564 1348; x_wconf 89' lang='lat' dir='ltr'><strong>inde</strong></span> <span class='ocrx_word' id='word_1_86' title='bbox 2599 1290 2720 1349; x_wconf 79' lang='lat' dir='ltr'><strong>sal-</strong></span> 
     </span>
     <span class='ocr_line' id='line_1_10' title="bbox 594 1389 2720 1479; baseline -0 -26"><span class='ocrx_word' id='word_1_87' title='bbox 594 1410 729 1453; x_wconf 88' lang='lat' dir='ltr'><strong>sum</strong></span> <span class='ocrx_word' id='word_1_88' title='bbox 767 1411 843 1451; x_wconf 82' lang='lat' dir='ltr'><strong>ex</strong></span> <span class='ocrx_word' id='word_1_89' title='bbox 877 1391 1137 1464; x_wconf 79' lang='lat' dir='ltr'><strong>inferno,</strong></span> <span class='ocrx_word' id='word_1_90' title='bbox 1194 1390 1293 1449; x_wconf 81' lang='lat' dir='ltr'><strong>vel</strong></span> <span class='ocrx_word' id='word_1_91' title='bbox 1329 1389 1683 1448; x_wconf 87' lang='lat' dir='ltr'><strong>admittendi</strong></span> <span class='ocrx_word' id='word_1_92' title='bbox 1716 1396 1822 1448; x_wconf 91' lang='lat' dir='ltr'><strong>aut</strong></span> <span class='ocrx_word' id='word_1_93' title='bbox 1854 1390 2184 1479; x_wconf 72' lang='lat' dir='ltr'><strong>recipiendi</strong></span> <span class='ocrx_word' id='word_1_94' title='bbox 2221 1389 2441 1448; x_wconf 91' lang='lat' dir='ltr'><strong>bonum</strong></span> <span class='ocrx_word' id='word_1_95' title='bbox 2478 1398 2540 1450; x_wconf 90' lang='lat' dir='ltr'><strong>et</strong></span> <span class='ocrx_word' id='word_1_96' title='bbox 2576 1392 2720 1453; x_wconf 87' lang='lat' dir='ltr'><strong>inde</strong></span> 
     </span>
     <span class='ocr_line' id='line_1_11' title="bbox 593 1490 2720 1568; baseline 0 -16"><span class='ocrx_word' id='word_1_97' title='bbox 593 1511 806 1552; x_wconf 82' lang='lat' dir='ltr'><strong>verum</strong></span> <span class='ocrx_word' id='word_1_98' title='bbox 843 1510 917 1550; x_wconf 85' lang='lat' dir='ltr'><strong>ex</strong></span> <span class='ocrx_word' id='word_1_99' title='bbox 943 1491 1145 1566; x_wconf 86' lang='lat' dir='ltr'><strong>coe103</strong></span> <span class='ocrx_word' id='word_1_100' title='bbox 1182 1493 1243 1549; x_wconf 90' lang='lat' dir='ltr'><strong>in</strong></span> <span class='ocrx_word' id='word_1_101' title='bbox 1278 1490 1391 1550; x_wconf 87' lang='lat' dir='ltr'><strong>hoc</strong></span> <span class='ocrx_word' id='word_1_102' title='bbox 1431 1490 1787 1566; x_wconf 86' lang='lat' dir='ltr'><strong>aequilibrio</strong></span> <span class='ocrx_word' id='word_1_103' title='bbox 1814 1496 2052 1549; x_wconf 88' lang='lat' dir='ltr'><strong>tenetur</strong></span> <span class='ocrx_word' id='word_1_104' title='bbox 2087 1494 2503 1568; x_wconf 89' lang='lat' dir='ltr'><strong>unusquisque</strong></span> <span class='ocrx_word' id='word_1_105' title='bbox 2537 1492 2720 1553; x_wconf 80' lang='lat' dir='ltr'><strong>horno</strong></span> 
     </span>
     <span class='ocr_line' id='line_1_12' title="bbox 596 1591 2717 1668; baseline 0 -15"><span class='ocrx_word' id='word_1_106' title='bbox 596 1611 674 1654; x_wconf 82' lang='lat' dir='ltr'><strong>ex</strong></span> <span class='ocrx_word' id='word_1_107' title='bbox 707 1593 994 1665; x_wconf 88' lang='lat' dir='ltr'><strong>Domino,</strong></span> <span class='ocrx_word' id='word_1_108' title='bbox 1035 1594 1178 1666; x_wconf 91' lang='lat' dir='ltr'><strong>quia</strong></span> <span class='ocrx_word' id='word_1_109' title='bbox 1211 1593 1367 1667; x_wconf 87' lang='lat' dir='ltr'><strong>regit</strong></span> <span class='ocrx_word' id='word_1_110' title='bbox 1400 1599 1721 1666; x_wconf 89' lang='lat' dir='ltr'><strong>utrumque</strong></span> <span class='ocrx_word' id='word_1_111' title='bbox 1757 1599 1880 1649; x_wconf 86' lang='lat' dir='ltr'><strong>tam</strong></span> <span class='ocrx_word' id='word_1_112' title='bbox 1915 1591 2150 1650; x_wconf 84' lang='lat' dir='ltr'><strong>coelum</strong></span> <span class='ocrx_word' id='word_1_113' title='bbox 2186 1609 2366 1668; x_wconf 90' lang='lat' dir='ltr'><strong>quam</strong></span> <span class='ocrx_word' id='word_1_114' title='bbox 2396 1593 2717 1654; x_wconf 80' lang='lat' dir='ltr'><strong>infernum.</strong></span> 
     </span>
     <span class='ocr_line' id='line_1_13' title="bbox 592 1690 2720 1768; baseline 0.001 -16"><span class='ocrx_word' id='word_1_115' title='bbox 592 1693 715 1753; x_wconf 87' lang='lat' dir='ltr'><strong>Cur</strong></span> <span class='ocrx_word' id='word_1_116' title='bbox 743 1699 942 1750; x_wconf 88' lang='lat' dir='ltr'><strong>autem</strong></span> <span class='ocrx_word' id='word_1_117' title='bbox 977 1692 1155 1750; x_wconf 92' lang='lat' dir='ltr'><strong>homo</strong></span> <span class='ocrx_word' id='word_1_118' title='bbox 1179 1708 1290 1767; x_wconf 88' lang='lat' dir='ltr'><strong>per</strong></span> <span class='ocrx_word' id='word_1_119' title='bbox 1318 1691 1737 1768; x_wconf 86' lang='lat' dir='ltr'><strong>aequilibrium</strong></span> <span class='ocrx_word' id='word_1_120' title='bbox 1766 1694 1826 1749; x_wconf 91' lang='lat' dir='ltr'><strong>in</strong></span> <span class='ocrx_word' id='word_1_121' title='bbox 1855 1691 1969 1750; x_wconf 87' lang='lat' dir='ltr'><strong>hoc</strong></span> <span class='ocrx_word' id='word_1_122' title='bbox 1998 1690 2189 1752; x_wconf 89' lang='lat' dir='ltr'><strong>libero</strong></span> <span class='ocrx_word' id='word_1_123' title='bbox 2216 1699 2472 1767; x_wconf 85' lang='lat' dir='ltr'><strong>tenetur,</strong></span> <span class='ocrx_word' id='word_1_124' title='bbox 2508 1702 2572 1753; x_wconf 92' lang='lat' dir='ltr'><strong>et</strong></span> <span class='ocrx_word' id='word_1_125' title='bbox 2598 1713 2720 1756; x_wconf 88' lang='lat' dir='ltr'><strong>non</strong></span> 
     </span>
     <span class='ocr_line' id='line_1_14' title="bbox 590 1792 2719 1869; baseline 0.001 -16"><span class='ocrx_word' id='word_1_126' title='bbox 590 1813 667 1853; x_wconf 83' lang='lat' dir='ltr'><strong>ex</strong></span> <span class='ocrx_word' id='word_1_127' title='bbox 704 1794 928 1853; x_wconf 84' lang='lat' dir='ltr'><strong>Divina</strong></span> <span class='ocrx_word' id='word_1_128' title='bbox 961 1794 1231 1869; x_wconf 89' lang='lat' dir='ltr'><strong>potentia</strong></span> <span class='ocrx_word' id='word_1_129' title='bbox 1266 1794 1322 1851; x_wconf 91' lang='lat' dir='ltr'><strong>ei</strong></span> <span class='ocrx_word' id='word_1_130' title='bbox 1357 1792 1629 1851; x_wconf 81' lang='lat' dir='ltr'><strong>aufertur</strong></span> <span class='ocrx_word' id='word_1_131' title='bbox 1676 1792 1900 1857; x_wconf 84' lang='lat' dir='ltr'><strong>malum</strong></span> <span class='ocrx_word' id='word_1_132' title='bbox 1945 1800 2006 1851; x_wconf 93' lang='lat' dir='ltr'><strong>et</strong></span> <span class='ocrx_word' id='word_1_133' title='bbox 2043 1793 2291 1867; x_wconf 82' lang='lat' dir='ltr'><strong>salsum,</strong></span> <span class='ocrx_word' id='word_1_134' title='bbox 2356 1811 2428 1851; x_wconf 89' lang='lat' dir='ltr'><strong>ac</strong></span> <span class='ocrx_word' id='word_1_135' title='bbox 2463 1795 2719 1855; x_wconf 81' lang='lat' dir='ltr'><strong>insertur</strong></span> 
     </span>
     <span class='ocr_line' id='line_1_15' title="bbox 587 1892 2609 1969; baseline 0 -16"><span class='ocrx_word' id='word_1_136' title='bbox 587 1894 812 1954; x_wconf 91' lang='lat' dir='ltr'><strong>bonum</strong></span> <span class='ocrx_word' id='word_1_137' title='bbox 854 1901 916 1953; x_wconf 89' lang='lat' dir='ltr'><strong>et</strong></span> <span class='ocrx_word' id='word_1_138' title='bbox 964 1911 1208 1963; x_wconf 84' lang='lat' dir='ltr'><strong>verum,</strong></span> <span class='ocrx_word' id='word_1_139' title='bbox 1259 1896 1319 1953; x_wconf 91' lang='lat' dir='ltr'><strong>in</strong></span> <span class='ocrx_word' id='word_1_140' title='bbox 1354 1892 1748 1969; x_wconf 88' lang='lat' dir='ltr'><strong>sequentibus</strong></span> <span class='ocrx_word' id='word_1_141' title='bbox 1783 1895 1844 1950; x_wconf 92' lang='lat' dir='ltr'><strong>in</strong></span> <span class='ocrx_word' id='word_1_142' title='bbox 1893 1908 2005 1952; x_wconf 89' lang='lat' dir='ltr'><strong>suo</strong></span> <span class='ocrx_word' id='word_1_143' title='bbox 2049 1894 2321 1954; x_wconf 88' lang='lat' dir='ltr'><strong>Articulo</strong></span> <span class='ocrx_word' id='word_1_144' title='bbox 2357 1895 2609 1954; x_wconf 87' lang='lat' dir='ltr'><strong>dicetur.</strong></span> 
     </span>
    </p>

    <p class='ocr_par' dir='ltr' id='par_1_3' title="bbox 582 1978 2720 3185">
     <span class='ocr_line' id='line_1_16' title="bbox 755 1978 2718 2072; baseline 0 -16"><span class='ocrx_word' id='word_1_145' title='bbox 755 1996 915 2056; x_wconf 86' lang='lat'><strong>538.</strong></span> <span class='ocrx_word' id='word_1_146' title='bbox 978 1995 1204 2053; x_wconf 87' lang='lat' dir='ltr'><strong>Datum</strong></span> <span class='ocrx_word' id='word_1_147' title='bbox 1247 1978 1340 2053; x_wconf 67' lang='lat' dir='ltr'><strong>esst</strong></span> <span class='ocrx_word' id='word_1_148' title='bbox 1381 1994 1703 2071; x_wconf 83' lang='lat' dir='ltr'><strong>aliquoties</strong></span> <span class='ocrx_word' id='word_1_149' title='bbox 1738 1995 2053 2070; x_wconf 88' lang='lat' dir='ltr'><strong>percipere</strong></span> <span class='ocrx_word' id='word_1_150' title='bbox 2095 1994 2418 2072; x_wconf 84' lang='lat' dir='ltr'><strong>sphaeram</strong></span> <span class='ocrx_word' id='word_1_151' title='bbox 2461 1996 2604 2056; x_wconf 77' lang='lat' dir='ltr'><strong>falsi</strong></span> <span class='ocrx_word' id='word_1_152' title='bbox 2639 2015 2718 2056; x_wconf 84' lang='lat' dir='ltr'><strong>ex</strong></span> 
     </span>
     <span class='ocr_line' id='line_1_17' title="bbox 591 2094 2714 2173; baseline 0 -18"><span class='ocrx_word' id='word_1_153' title='bbox 591 2097 752 2155; x_wconf 89' lang='lat' dir='ltr'><strong>malo</strong></span> <span class='ocrx_word' id='word_1_154' title='bbox 789 2095 1129 2154; x_wconf 84' lang='lat' dir='ltr'><strong>effluentem</strong></span> <span class='ocrx_word' id='word_1_155' title='bbox 1167 2112 1242 2153; x_wconf 86' lang='lat' dir='ltr'><strong>ex</strong></span> <span class='ocrx_word' id='word_1_156' title='bbox 1277 2096 1542 2164; x_wconf 83' lang='lat' dir='ltr'><strong>inferno,</strong></span> <span class='ocrx_word' id='word_1_157' title='bbox 1595 2101 1725 2153; x_wconf 87' lang='lat' dir='ltr'><strong>erat</strong></span> <span class='ocrx_word' id='word_1_158' title='bbox 1759 2094 1865 2152; x_wconf 91' lang='lat' dir='ltr'><strong>illa</strong></span> <span class='ocrx_word' id='word_1_159' title='bbox 1900 2098 2058 2154; x_wconf 87' lang='lat' dir='ltr'><strong>sicut</strong></span> <span class='ocrx_word' id='word_1_160' title='bbox 2089 2103 2425 2173; x_wconf 88' lang='lat' dir='ltr'><strong>perpetuus</strong></span> <span class='ocrx_word' id='word_1_161' title='bbox 2461 2105 2714 2156; x_wconf 86' lang='lat' dir='ltr'><strong>conatus</strong></span> 
     </span>
     <span class='ocr_line' id='line_1_18' title="bbox 592 2193 2720 2275; baseline 0.002 -22"><span class='ocrx_word' id='word_1_162' title='bbox 592 2193 940 2255; x_wconf 87' lang='lat' dir='ltr'><strong>destruendi</strong></span> <span class='ocrx_word' id='word_1_163' title='bbox 984 2211 1158 2253; x_wconf 91' lang='lat' dir='ltr'><strong>omne</strong></span> <span class='ocrx_word' id='word_1_164' title='bbox 1208 2194 1429 2252; x_wconf 93' lang='lat' dir='ltr'><strong>bonum</strong></span> <span class='ocrx_word' id='word_1_165' title='bbox 1478 2201 1541 2253; x_wconf 88' lang='lat' dir='ltr'><strong>et</strong></span> <span class='ocrx_word' id='word_1_166' title='bbox 1590 2212 1830 2269; x_wconf 88' lang='lat' dir='ltr'><strong>verum,</strong></span> <span class='ocrx_word' id='word_1_167' title='bbox 1887 2197 2240 2274; x_wconf 88' lang='lat' dir='ltr'><strong>conjunctus</strong></span> <span class='ocrx_word' id='word_1_168' title='bbox 2273 2199 2402 2257; x_wconf 91' lang='lat' dir='ltr'><strong>irae</strong></span> <span class='ocrx_word' id='word_1_169' title='bbox 2439 2205 2500 2257; x_wconf 91' lang='lat' dir='ltr'><strong>et</strong></span> <span class='ocrx_word' id='word_1_170' title='bbox 2541 2201 2720 2275; x_wconf 87' lang='lat' dir='ltr'><strong>quasi</strong></span> 
     </span>
     <span class='ocr_line' id='line_1_19' title="bbox 587 2294 2718 2373; baseline 0.002 -19"><span class='ocrx_word' id='word_1_171' title='bbox 587 2296 776 2354; x_wconf 77' lang='lat' dir='ltr'><strong>furori</strong></span> <span class='ocrx_word' id='word_1_172' title='bbox 830 2294 990 2370; x_wconf 89' lang='lat' dir='ltr'><strong>quod</strong></span> <span class='ocrx_word' id='word_1_173' title='bbox 1039 2311 1155 2352; x_wconf 93' lang='lat' dir='ltr'><strong>non</strong></span> <span class='ocrx_word' id='word_1_174' title='bbox 1203 2303 1487 2371; x_wconf 88' lang='lat' dir='ltr'><strong>possent;</strong></span> <span class='ocrx_word' id='word_1_175' title='bbox 1552 2297 1843 2372; x_wconf 85' lang='lat' dir='ltr'><strong>imprimis</strong></span> <span class='ocrx_word' id='word_1_176' title='bbox 1895 2309 2146 2356; x_wconf 89' lang='lat' dir='ltr'><strong>conatus</strong></span> <span class='ocrx_word' id='word_1_177' title='bbox 2218 2298 2589 2373; x_wconf 80' lang='lat' dir='ltr'><strong>annihilandi</strong></span> <span class='ocrx_word' id='word_1_178' title='bbox 2653 2305 2718 2358; x_wconf 86' lang='lat' dir='ltr'><strong>et</strong></span> 
     </span>
     <span class='ocr_line' id='line_1_20' title="bbox 587 2394 2712 2475; baseline 0.002 -21"><span class='ocrx_word' id='word_1_179' title='bbox 587 2394 938 2455; x_wconf 84' lang='lat' dir='ltr'><strong>destruendi</strong></span> <span class='ocrx_word' id='word_1_180' title='bbox 970 2395 1255 2454; x_wconf 88' lang='lat' dir='ltr'><strong>Divinum</strong></span> <span class='ocrx_word' id='word_1_181' title='bbox 1300 2395 1576 2470; x_wconf 86' lang='lat' dir='ltr'><strong>Domini,</strong></span> <span class='ocrx_word' id='word_1_182' title='bbox 1640 2402 1701 2454; x_wconf 86' lang='lat' dir='ltr'><strong>et</strong></span> <span class='ocrx_word' id='word_1_183' title='bbox 1745 2395 1861 2456; x_wconf 88' lang='lat' dir='ltr'><strong>hoe</strong></span> <span class='ocrx_word' id='word_1_184' title='bbox 1909 2400 2051 2474; x_wconf 86' lang='lat' dir='ltr'><strong>quia</strong></span> <span class='ocrx_word' id='word_1_185' title='bbox 2085 2398 2162 2456; x_wconf 90' lang='lat' dir='ltr'><strong>ab</strong></span> <span class='ocrx_word' id='word_1_186' title='bbox 2202 2398 2347 2475; x_wconf 91' lang='lat' dir='ltr'><strong>Ipso</strong></span> <span class='ocrx_word' id='word_1_187' title='bbox 2383 2418 2558 2460; x_wconf 91' lang='lat' dir='ltr'><strong>omne</strong></span> <span class='ocrx_word' id='word_1_188' title='bbox 2595 2400 2712 2459; x_wconf 89' lang='lat' dir='ltr'><strong>bo-</strong></span> 
     </span>
     <span class='ocr_line' id='line_1_21' title="bbox 584 2495 2717 2580; baseline 0.004 -25"><span class='ocrx_word' id='word_1_189' title='bbox 584 2515 726 2555; x_wconf 90' lang='lat' dir='ltr'><strong>num</strong></span> <span class='ocrx_word' id='word_1_190' title='bbox 765 2504 825 2556; x_wconf 89' lang='lat' dir='ltr'><strong>et</strong></span> <span class='ocrx_word' id='word_1_191' title='bbox 876 2513 1103 2555; x_wconf 89' lang='lat' dir='ltr'><strong>verum.</strong></span> <span class='ocrx_word' id='word_1_192' title='bbox 1190 2496 1281 2555; x_wconf 85' lang='lat' dir='ltr'><strong>Ex</strong></span> <span class='ocrx_word' id='word_1_193' title='bbox 1327 2495 1513 2557; x_wconf 89' lang='lat' dir='ltr'><strong>Coelo</strong></span> <span class='ocrx_word' id='word_1_194' title='bbox 1550 2504 1750 2557; x_wconf 88' lang='lat' dir='ltr'><strong>autem</strong></span> <span class='ocrx_word' id='word_1_195' title='bbox 1786 2504 2083 2576; x_wconf 85' lang='lat' dir='ltr'><strong>percepta</strong></span> <span class='ocrx_word' id='word_1_196' title='bbox 2130 2506 2225 2559; x_wconf 92' lang='lat' dir='ltr'><strong>est</strong></span> <span class='ocrx_word' id='word_1_197' title='bbox 2272 2500 2536 2580; x_wconf 88' lang='lat' dir='ltr'><strong>sphaera</strong></span> <span class='ocrx_word' id='word_1_198' title='bbox 2581 2504 2717 2564; x_wconf 85' lang='lat' dir='ltr'><strong>veri</strong></span> 
     </span>
     <span class='ocr_line' id='line_1_22' title="bbox 582 2599 2711 2675; baseline 0.001 -16"><span class='ocrx_word' id='word_1_199' title='bbox 582 2616 658 2659; x_wconf 85' lang='lat' dir='ltr'><strong>ex</strong></span> <span class='ocrx_word' id='word_1_200' title='bbox 692 2600 878 2674; x_wconf 85' lang='lat' dir='ltr'><strong>bono,</strong></span> <span class='ocrx_word' id='word_1_201' title='bbox 946 2616 1056 2675; x_wconf 90' lang='lat' dir='ltr'><strong>per</strong></span> <span class='ocrx_word' id='word_1_202' title='bbox 1095 2616 1275 2674; x_wconf 86' lang='lat' dir='ltr'><strong>quam</strong></span> <span class='ocrx_word' id='word_1_203' title='bbox 1310 2599 1690 2659; x_wconf 83' lang='lat' dir='ltr'><strong>refraenatus</strong></span> <span class='ocrx_word' id='word_1_204' title='bbox 1737 2606 1830 2658; x_wconf 89' lang='lat' dir='ltr'><strong>est</strong></span> <span class='ocrx_word' id='word_1_205' title='bbox 1869 2600 2036 2660; x_wconf 82' lang='lat' dir='ltr'><strong>furor</strong></span> <span class='ocrx_word' id='word_1_206' title='bbox 2071 2608 2322 2661; x_wconf 88' lang='lat' dir='ltr'><strong>conatus</strong></span> <span class='ocrx_word' id='word_1_207' title='bbox 2370 2603 2711 2663; x_wconf 89' lang='lat' dir='ltr'><strong>ascenden-</strong></span> 
     </span>
     <span class='ocr_line' id='line_1_23' title="bbox 582 2700 2717 2778; baseline 0.003 -20"><span class='ocrx_word' id='word_1_208' title='bbox 582 2702 662 2759; x_wconf 87' lang='lat' dir='ltr'><strong>tis</strong></span> <span class='ocrx_word' id='word_1_209' title='bbox 711 2717 788 2760; x_wconf 82' lang='lat' dir='ltr'><strong>ex</strong></span> <span class='ocrx_word' id='word_1_210' title='bbox 844 2700 1076 2759; x_wconf 83' lang='lat' dir='ltr'><strong>inferno</strong></span> <span class='ocrx_word' id='word_1_211' title='bbox 1090 2721 1107 2776; x_wconf 86' lang='lat'><em>3</em></span> <span class='ocrx_word' id='word_1_212' title='bbox 1182 2701 1339 2758; x_wconf 90' lang='lat' dir='ltr'><strong>unde</strong></span> <span class='ocrx_word' id='word_1_213' title='bbox 1396 2700 1846 2776; x_wconf 87' lang='lat' dir='ltr'><strong>aequilibrium:</strong></span> <span class='ocrx_word' id='word_1_214' title='bbox 1921 2700 2073 2760; x_wconf 87' lang='lat' dir='ltr'><strong>haee</strong></span> <span class='ocrx_word' id='word_1_215' title='bbox 2123 2702 2386 2778; x_wconf 86' lang='lat' dir='ltr'><strong>sphaera</strong></span> <span class='ocrx_word' id='word_1_216' title='bbox 2431 2721 2470 2762; x_wconf 89' lang='lat' dir='ltr'><strong>a</strong></span> <span class='ocrx_word' id='word_1_217' title='bbox 2523 2703 2717 2764; x_wconf 89' lang='lat' dir='ltr'><strong>Coelo</strong></span> 
     </span>
     <span class='ocr_line' id='line_1_24' title="bbox 582 2799 2716 2882; baseline 0.003 -23"><span class='ocrx_word' id='word_1_218' title='bbox 582 2806 879 2878; x_wconf 88' lang='lat' dir='ltr'><strong>percepta</strong></span> <span class='ocrx_word' id='word_1_219' title='bbox 926 2807 1056 2860; x_wconf 89' lang='lat' dir='ltr'><strong>erat</strong></span> <span class='ocrx_word' id='word_1_220' title='bbox 1103 2818 1140 2859; x_wconf 87' lang='lat' dir='ltr'><strong>a</strong></span> <span class='ocrx_word' id='word_1_221' title='bbox 1185 2799 1330 2859; x_wconf 86' lang='lat' dir='ltr'><strong>Solo</strong></span> <span class='ocrx_word' id='word_1_222' title='bbox 1363 2801 1655 2870; x_wconf 89' lang='lat' dir='ltr'><strong>Domino,</strong></span> <span class='ocrx_word' id='word_1_223' title='bbox 1725 2804 1968 2861; x_wconf 88' lang='lat' dir='ltr'><strong>tametsi</strong></span> <span class='ocrx_word' id='word_1_224' title='bbox 2020 2804 2301 2879; x_wconf 87' lang='lat' dir='ltr'><strong>apparuit</strong></span> <span class='ocrx_word' id='word_1_225' title='bbox 2349 2822 2425 2864; x_wconf 82' lang='lat' dir='ltr'><strong>ex</strong></span> <span class='ocrx_word' id='word_1_226' title='bbox 2461 2804 2716 2882; x_wconf 85' lang='lat' dir='ltr'><strong>Angelis</strong></span> 
     </span>
     <span class='ocr_line' id='line_1_25' title="bbox 588 2899 2718 2982; baseline 0.002 -23"><span class='ocrx_word' id='word_1_227' title='bbox 588 2902 652 2959; x_wconf 88' lang='lat' dir='ltr'><strong>in</strong></span> <span class='ocrx_word' id='word_1_228' title='bbox 705 2900 921 2976; x_wconf 87' lang='lat' dir='ltr'><strong>Coelo3</strong></span> <span class='ocrx_word' id='word_1_229' title='bbox 980 2899 1142 2977; x_wconf 92' lang='lat' dir='ltr'><strong>quod</strong></span> <span class='ocrx_word' id='word_1_230' title='bbox 1179 2918 1214 2958; x_wconf 91' lang='lat' dir='ltr'><strong>a</strong></span> <span class='ocrx_word' id='word_1_231' title='bbox 1251 2900 1395 2961; x_wconf 87' lang='lat' dir='ltr'><strong>Solo</strong></span> <span class='ocrx_word' id='word_1_232' title='bbox 1432 2901 1693 2960; x_wconf 90' lang='lat' dir='ltr'><strong>Domino</strong></span> <span class='ocrx_word' id='word_1_233' title='bbox 1729 2908 1790 2961; x_wconf 86' lang='lat' dir='ltr'><strong>et</strong></span> <span class='ocrx_word' id='word_1_234' title='bbox 1823 2919 1943 2961; x_wconf 90' lang='lat' dir='ltr'><strong>non</strong></span> <span class='ocrx_word' id='word_1_235' title='bbox 1978 2903 2056 2962; x_wconf 87' lang='lat' dir='ltr'><strong>ab</strong></span> <span class='ocrx_word' id='word_1_236' title='bbox 2088 2902 2358 2979; x_wconf 76' lang='lat' dir='ltr'><strong>AngeliS,</strong></span> <span class='ocrx_word' id='word_1_237' title='bbox 2405 2912 2536 2963; x_wconf 84' lang='lat' dir='ltr'><strong>erat</strong></span> <span class='ocrx_word' id='word_1_238' title='bbox 2571 2907 2718 2982; x_wconf 89' lang='lat' dir='ltr'><strong>quia</strong></span> 
     </span>
     <span class='ocr_line' id='line_1_26' title="bbox 587 2987 2717 3081; baseline 0.003 -23"><span class='ocrx_word' id='word_1_239' title='bbox 587 3003 1009 3076; x_wconf 88' lang='lat' dir='ltr'><strong>unusquisque</strong></span> <span class='ocrx_word' id='word_1_240' title='bbox 1059 3000 1332 3078; x_wconf 86' lang='lat' dir='ltr'><strong>Angelus</strong></span> <span class='ocrx_word' id='word_1_241' title='bbox 1385 3004 1446 3060; x_wconf 92' lang='lat' dir='ltr'><strong>in</strong></span> <span class='ocrx_word' id='word_1_242' title='bbox 1491 3001 1678 3062; x_wconf 87' lang='lat' dir='ltr'><strong>Coelo</strong></span> <span class='ocrx_word' id='word_1_243' title='bbox 1731 3005 2006 3080; x_wconf 84' lang='lat' dir='ltr'><strong>agnoscit</strong></span> <span class='ocrx_word' id='word_1_244' title='bbox 2057 3004 2218 3081; x_wconf 90' lang='lat' dir='ltr'><strong>quod</strong></span> <span class='ocrx_word' id='word_1_245' title='bbox 2262 2987 2430 3064; x_wconf 66' lang='lat' dir='ltr'><strong>nihil&#39;</strong></span> <span class='ocrx_word' id='word_1_246' title='bbox 2460 3005 2603 3065; x_wconf 87' lang='lat' dir='ltr'><strong>boni</strong></span> <span class='ocrx_word' id='word_1_247' title='bbox 2651 3011 2717 3066; x_wconf 84' lang='lat' dir='ltr'><strong>et</strong></span> 
     </span>
     <span class='ocr_line' id='line_1_27' title="bbox 583 3102 2129 3185; baseline 0.004 -28"><span class='ocrx_word' id='word_1_248' title='bbox 583 3102 715 3159; x_wconf 85' lang='lat' dir='ltr'><strong>veri</strong></span> <span class='ocrx_word' id='word_1_249' title='bbox 752 3102 830 3158; x_wconf 88' lang='lat' dir='ltr'><strong>sit</strong></span> <span class='ocrx_word' id='word_1_250' title='bbox 878 3116 916 3158; x_wconf 88' lang='lat' dir='ltr'><strong>a</strong></span> <span class='ocrx_word' id='word_1_251' title='bbox 951 3106 1178 3170; x_wconf 88' lang='lat' dir='ltr'><strong>semet,</strong></span> <span class='ocrx_word' id='word_1_252' title='bbox 1227 3102 1338 3160; x_wconf 89' lang='lat' dir='ltr'><strong>sed</strong></span> <span class='ocrx_word' id='word_1_253' title='bbox 1371 3102 1535 3185; x_wconf 92' lang='lat' dir='ltr'><strong>quod</strong></span> <span class='ocrx_word' id='word_1_254' title='bbox 1570 3119 1742 3163; x_wconf 90' lang='lat' dir='ltr'><strong>omne</strong></span> <span class='ocrx_word' id='word_1_255' title='bbox 1780 3123 1818 3162; x_wconf 86' lang='lat' dir='ltr'><strong>a</strong></span> <span class='ocrx_word' id='word_1_256' title='bbox 1851 3104 2129 3163; x_wconf 90' lang='lat' dir='ltr'><strong>Domino.</strong></span> 
     </span>
    </p>

    <p class='ocr_par' dir='ltr' id='par_1_4' title="bbox 578 3199 2796 4388">
     <span class='ocr_line' id='line_1_28' title="bbox 744 3199 2713 3282; baseline 0.004 -23"><span class='ocrx_word' id='word_1_257' title='bbox 744 3200 904 3260; x_wconf 85' lang='lat'><strong>539.</strong></span> <span class='ocrx_word' id='word_1_258' title='bbox 964 3199 1171 3260; x_wconf 86' lang='lat' dir='ltr'><strong>Omnis</strong></span> <span class='ocrx_word' id='word_1_259' title='bbox 1225 3205 1497 3277; x_wconf 86' lang='lat' dir='ltr'><strong>potentia</strong></span> <span class='ocrx_word' id='word_1_260' title='bbox 1553 3206 1615 3262; x_wconf 89' lang='lat' dir='ltr'><strong>in</strong></span> <span class='ocrx_word' id='word_1_261' title='bbox 1676 3204 1976 3282; x_wconf 84' lang='lat' dir='ltr'><strong>spirituali</strong></span> <span class='ocrx_word' id='word_1_262' title='bbox 2024 3204 2243 3263; x_wconf 90' lang='lat' dir='ltr'><strong>mundo</strong></span> <span class='ocrx_word' id='word_1_263' title='bbox 2297 3213 2390 3265; x_wconf 91' lang='lat' dir='ltr'><strong>est</strong></span> <span class='ocrx_word' id='word_1_264' title='bbox 2441 3209 2571 3265; x_wconf 86' lang='lat' dir='ltr'><strong>veri</strong></span> <span class='ocrx_word' id='word_1_265' title='bbox 2632 3225 2713 3268; x_wconf 79' lang='lat' dir='ltr'><strong>ex</strong></span> 
     </span>
     <span class='ocr_line' id='line_1_29' title="bbox 581 3301 2709 3383; baseline 0.003 -23"><span class='ocrx_word' id='word_1_266' title='bbox 581 3301 769 3373; x_wconf 87' lang='lat' dir='ltr'><strong>bon0‚</strong></span> <span class='ocrx_word' id='word_1_267' title='bbox 825 3308 886 3360; x_wconf 89' lang='lat' dir='ltr'><strong>et</strong></span> <span class='ocrx_word' id='word_1_268' title='bbox 919 3317 1170 3379; x_wconf 89' lang='lat' dir='ltr'><strong>prorsus</strong></span> <span class='ocrx_word' id='word_1_269' title='bbox 1201 3301 1367 3360; x_wconf 88' lang='lat' dir='ltr'><strong>nulla</strong></span> <span class='ocrx_word' id='word_1_270' title='bbox 1401 3305 1676 3379; x_wconf 87' lang='lat' dir='ltr'><strong>potentia</strong></span> <span class='ocrx_word' id='word_1_271' title='bbox 1710 3311 1806 3363; x_wconf 84' lang='lat' dir='ltr'><strong>est</strong></span> <span class='ocrx_word' id='word_1_272' title='bbox 1839 3304 1978 3365; x_wconf 81' lang='lat' dir='ltr'><strong>falsi</strong></span> <span class='ocrx_word' id='word_1_273' title='bbox 2019 3323 2093 3364; x_wconf 85' lang='lat' dir='ltr'><strong>ex</strong></span> <span class='ocrx_word' id='word_1_274' title='bbox 2133 3306 2330 3382; x_wconf 85' lang='lat' dir='ltr'><strong>malo;</strong></span> <span class='ocrx_word' id='word_1_275' title='bbox 2387 3307 2550 3383; x_wconf 91' lang='lat' dir='ltr'><strong>quod</strong></span> <span class='ocrx_word' id='word_1_276' title='bbox 2574 3325 2709 3367; x_wconf 92' lang='lat' dir='ltr'><strong>om-</strong></span> 
     </span>
     <span class='ocr_line' id='line_1_30' title="bbox 580 3402 2712 3484; baseline 0.002 -20"><span class='ocrx_word' id='word_1_277' title='bbox 580 3404 674 3464; x_wconf 88' lang='lat' dir='ltr'><strong>nis</strong></span> <span class='ocrx_word' id='word_1_278' title='bbox 723 3404 995 3481; x_wconf 87' lang='lat' dir='ltr'><strong>potentia</strong></span> <span class='ocrx_word' id='word_1_279' title='bbox 1044 3404 1123 3462; x_wconf 86' lang='lat' dir='ltr'><strong>sit</strong></span> <span class='ocrx_word' id='word_1_280' title='bbox 1168 3404 1299 3462; x_wconf 82' lang='lat' dir='ltr'><strong>veri</strong></span> <span class='ocrx_word' id='word_1_281' title='bbox 1341 3419 1417 3461; x_wconf 86' lang='lat' dir='ltr'><strong>ex</strong></span> <span class='ocrx_word' id='word_1_282' title='bbox 1468 3402 1659 3479; x_wconf 89' lang='lat' dir='ltr'><strong>bono,</strong></span> <span class='ocrx_word' id='word_1_283' title='bbox 1732 3411 1826 3464; x_wconf 86' lang='lat' dir='ltr'><strong>est</strong></span> <span class='ocrx_word' id='word_1_284' title='bbox 1881 3407 2022 3481; x_wconf 88' lang='lat' dir='ltr'><strong>quia</strong></span> <span class='ocrx_word' id='word_1_285' title='bbox 2066 3405 2273 3484; x_wconf 88' lang='lat' dir='ltr'><strong>Ipsum</strong></span> <span class='ocrx_word' id='word_1_286' title='bbox 2320 3408 2605 3468; x_wconf 83' lang='lat' dir='ltr'><strong>Divinum</strong></span> <span class='ocrx_word' id='word_1_287' title='bbox 2646 3411 2712 3468; x_wconf 85' lang='lat' dir='ltr'><strong>in</strong></span> 
     </span>
     <span class='ocr_line' id='line_1_31' title="bbox 582 3503 2713 3580; baseline 0.001 -15"><span class='ocrx_word' id='word_1_288' title='bbox 582 3503 769 3566; x_wconf 87' lang='lat' dir='ltr'><strong>Coelo</strong></span> <span class='ocrx_word' id='word_1_289' title='bbox 807 3511 900 3564; x_wconf 88' lang='lat' dir='ltr'><strong>est</strong></span> <span class='ocrx_word' id='word_1_290' title='bbox 937 3504 1223 3563; x_wconf 87' lang='lat' dir='ltr'><strong>Divinum</strong></span> <span class='ocrx_word' id='word_1_291' title='bbox 1260 3504 1495 3563; x_wconf 90' lang='lat' dir='ltr'><strong>Bonum</strong></span> <span class='ocrx_word' id='word_1_292' title='bbox 1536 3509 1597 3564; x_wconf 90' lang='lat' dir='ltr'><strong>et</strong></span> <span class='ocrx_word' id='word_1_293' title='bbox 1631 3505 1920 3564; x_wconf 89' lang='lat' dir='ltr'><strong>Divinum</strong></span> <span class='ocrx_word' id='word_1_294' title='bbox 1954 3505 2214 3580; x_wconf 88' lang='lat' dir='ltr'><strong>Verum,</strong></span> <span class='ocrx_word' id='word_1_295' title='bbox 2255 3524 2324 3566; x_wconf 87' lang='lat' dir='ltr'><strong>ac</strong></span> <span class='ocrx_word' id='word_1_296' title='bbox 2360 3508 2578 3570; x_wconf 83' lang='lat' dir='ltr'><strong>Divino</strong></span> <span class='ocrx_word' id='word_1_297' title='bbox 2615 3516 2713 3569; x_wconf 82' lang='lat' dir='ltr'><strong>est</strong></span> 
     </span>
     <span class='ocr_line' id='line_1_32' title="bbox 581 3604 2708 3688; baseline 0.002 -22"><span class='ocrx_word' id='word_1_298' title='bbox 581 3607 772 3666; x_wconf 89' lang='lat' dir='ltr'><strong>omnis</strong></span> <span class='ocrx_word' id='word_1_299' title='bbox 807 3607 1104 3681; x_wconf 87' lang='lat' dir='ltr'><strong>potentia:</strong></span> <span class='ocrx_word' id='word_1_300' title='bbox 1156 3604 1317 3682; x_wconf 90' lang='lat' dir='ltr'><strong>quod</strong></span> <span class='ocrx_word' id='word_1_301' title='bbox 1350 3622 1599 3683; x_wconf 88' lang='lat' dir='ltr'><strong>prorsus</strong></span> <span class='ocrx_word' id='word_1_302' title='bbox 1636 3605 1804 3670; x_wconf 71' lang='lat' dir='ltr'><strong>unna</strong></span> <span class='ocrx_word' id='word_1_303' title='bbox 1835 3609 2111 3683; x_wconf 88' lang='lat' dir='ltr'><strong>potentia</strong></span> <span class='ocrx_word' id='word_1_304' title='bbox 2144 3610 2224 3667; x_wconf 86' lang='lat' dir='ltr'><strong>sit</strong></span> <span class='ocrx_word' id='word_1_305' title='bbox 2258 3608 2396 3668; x_wconf 83' lang='lat' dir='ltr'><strong>falsi</strong></span> <span class='ocrx_word' id='word_1_306' title='bbox 2424 3626 2501 3669; x_wconf 82' lang='lat' dir='ltr'><strong>ex</strong></span> <span class='ocrx_word' id='word_1_307' title='bbox 2526 3610 2708 3688; x_wconf 88' lang='lat' dir='ltr'><strong>malo,</strong></span> 
     </span>
     <span class='ocr_line' id='line_1_33' title="bbox 582 3702 2700 3794; baseline 0.002 -30"><span class='ocrx_word' id='word_1_308' title='bbox 582 3711 676 3764; x_wconf 89' lang='lat' dir='ltr'><strong>est</strong></span> <span class='ocrx_word' id='word_1_309' title='bbox 716 3708 860 3782; x_wconf 87' lang='lat' dir='ltr'><strong>quia</strong></span> <span class='ocrx_word' id='word_1_310' title='bbox 893 3707 1084 3764; x_wconf 88' lang='lat' dir='ltr'><strong>omnis</strong></span> <span class='ocrx_word' id='word_1_311' title='bbox 1122 3713 1217 3765; x_wconf 90' lang='lat' dir='ltr'><strong>est</strong></span> <span class='ocrx_word' id='word_1_312' title='bbox 1249 3709 1381 3766; x_wconf 82' lang='lat' dir='ltr'><strong>veri</strong></span> <span class='ocrx_word' id='word_1_313' title='bbox 1416 3724 1492 3766; x_wconf 86' lang='lat' dir='ltr'><strong>ex</strong></span> <span class='ocrx_word' id='word_1_314' title='bbox 1526 3702 1716 3778; x_wconf 85' lang='lat' dir='ltr'><strong>bono,</strong></span> <span class='ocrx_word' id='word_1_315' title='bbox 1769 3713 1829 3765; x_wconf 88' lang='lat' dir='ltr'><strong>et</strong></span> <span class='ocrx_word' id='word_1_316' title='bbox 1866 3710 1928 3766; x_wconf 90' lang='lat' dir='ltr'><strong>in</strong></span> <span class='ocrx_word' id='word_1_317' title='bbox 1963 3708 2117 3766; x_wconf 83' lang='lat' dir='ltr'><strong>falso</strong></span> <span class='ocrx_word' id='word_1_318' title='bbox 2155 3726 2234 3794; x_wconf 57' lang='grc' dir='ltr'><strong>εις</strong></span> <span class='ocrx_word' id='word_1_319' title='bbox 2265 3710 2421 3769; x_wconf 89' lang='lat' dir='ltr'><strong>malo</strong></span> <span class='ocrx_word' id='word_1_320' title='bbox 2462 3718 2556 3771; x_wconf 89' lang='lat' dir='ltr'><strong>est</strong></span> <span class='ocrx_word' id='word_1_321' title='bbox 2597 3713 2700 3770; x_wconf 91' lang='lat' dir='ltr'><strong>ni—</strong></span> 
     </span>
     <span class='ocr_line' id='line_1_34' title="bbox 579 3800 2707 3890; baseline 0.004 -28"><span class='ocrx_word' id='word_1_322' title='bbox 579 3800 666 3863; x_wconf 86' lang='lat' dir='ltr'><strong>hil</strong></span> <span class='ocrx_word' id='word_1_323' title='bbox 708 3806 838 3863; x_wconf 85' lang='lat' dir='ltr'><strong>veri</strong></span> <span class='ocrx_word' id='word_1_324' title='bbox 875 3823 950 3864; x_wconf 78' lang='lat' dir='ltr'><strong>ex</strong></span> <span class='ocrx_word' id='word_1_325' title='bbox 994 3805 1183 3866; x_wconf 87' lang='lat' dir='ltr'><strong>bono:</strong></span> <span class='ocrx_word' id='word_1_326' title='bbox 1237 3806 1376 3866; x_wconf 89' lang='lat' dir='ltr'><strong>inde</strong></span> <span class='ocrx_word' id='word_1_327' title='bbox 1409 3814 1506 3866; x_wconf 83' lang='lat' dir='ltr'><strong>est</strong></span> <span class='ocrx_word' id='word_1_328' title='bbox 1541 3808 1700 3885; x_wconf 89' lang='lat' dir='ltr'><strong>quod</strong></span> <span class='ocrx_word' id='word_1_329' title='bbox 1737 3809 1928 3867; x_wconf 88' lang='lat' dir='ltr'><strong>omnis</strong></span> <span class='ocrx_word' id='word_1_330' title='bbox 1963 3811 2237 3885; x_wconf 86' lang='lat' dir='ltr'><strong>potentia</strong></span> <span class='ocrx_word' id='word_1_331' title='bbox 2284 3812 2362 3868; x_wconf 88' lang='lat' dir='ltr'><strong>sit</strong></span> <span class='ocrx_word' id='word_1_332' title='bbox 2394 3813 2458 3870; x_wconf 90' lang='lat' dir='ltr'><strong>in</strong></span> <span class='ocrx_word' id='word_1_333' title='bbox 2479 3811 2707 3890; x_wconf 75' lang='lat' dir='ltr'><strong>Coelo,</strong></span> 
     </span>
     <span class='ocr_line' id='line_1_35' title="bbox 583 3903 2711 3991; baseline 0.006 -31"><span class='ocrx_word' id='word_1_334' title='bbox 583 3918 654 3961; x_wconf 86' lang='lat' dir='ltr'><strong>ac</strong></span> <span class='ocrx_word' id='word_1_335' title='bbox 689 3903 858 3961; x_wconf 87' lang='lat' dir='ltr'><strong>nulla</strong></span> <span class='ocrx_word' id='word_1_336' title='bbox 893 3907 954 3963; x_wconf 87' lang='lat' dir='ltr'><strong>in</strong></span> <span class='ocrx_word' id='word_1_337' title='bbox 989 3904 1263 3982; x_wconf 82' lang='lat' dir='ltr'><strong>Infern03</strong></span> <span class='ocrx_word' id='word_1_338' title='bbox 1319 3909 1735 3991; x_wconf 79' lang='lat' dir='ltr'><strong>unusquisque</strong></span> <span class='ocrx_word' id='word_1_339' title='bbox 1786 3910 1940 3968; x_wconf 88' lang='lat' dir='ltr'><strong>enim</strong></span> <span class='ocrx_word' id='word_1_340' title='bbox 1989 3911 2052 3968; x_wconf 90' lang='lat' dir='ltr'><strong>in</strong></span> <span class='ocrx_word' id='word_1_341' title='bbox 2103 3908 2286 3970; x_wconf 89' lang='lat' dir='ltr'><strong>Coelo</strong></span> <span class='ocrx_word' id='word_1_342' title='bbox 2335 3912 2396 3969; x_wconf 88' lang='lat' dir='ltr'><strong>in</strong></span> <span class='ocrx_word' id='word_1_343' title='bbox 2430 3914 2592 3972; x_wconf 84' lang='lat' dir='ltr'><strong>veris</strong></span> <span class='ocrx_word' id='word_1_344' title='bbox 2629 3930 2711 3973; x_wconf 79' lang='lat' dir='ltr'><strong>ex</strong></span> 
     </span>
     <span class='ocr_line' id='line_1_36' title="bbox 578 3996 2706 4092; baseline 0.006 -31"><span class='ocrx_word' id='word_1_345' title='bbox 578 4000 737 4062; x_wconf 90' lang='lat' dir='ltr'><strong>bono</strong></span> <span class='ocrx_word' id='word_1_346' title='bbox 779 4009 901 4074; x_wconf 85' lang='lat' dir='ltr'><strong>est,</strong></span> <span class='ocrx_word' id='word_1_347' title='bbox 973 4010 1033 4064; x_wconf 86' lang='lat' dir='ltr'><strong>et</strong></span> <span class='ocrx_word' id='word_1_348' title='bbox 1073 4009 1487 4092; x_wconf 88' lang='lat' dir='ltr'><strong>unusquisque</strong></span> <span class='ocrx_word' id='word_1_349' title='bbox 1533 4010 1596 4066; x_wconf 90' lang='lat' dir='ltr'><strong>in</strong></span> <span class='ocrx_word' id='word_1_350' title='bbox 1640 4008 1882 4068; x_wconf 81' lang='lat' dir='ltr'><strong>Inserno</strong></span> <span class='ocrx_word' id='word_1_351' title='bbox 1925 4011 1986 4070; x_wconf 88' lang='lat' dir='ltr'><strong>in</strong></span> <span class='ocrx_word' id='word_1_352' title='bbox 2036 4008 2208 4069; x_wconf 81' lang='lat' dir='ltr'><strong>falsis</strong></span> <span class='ocrx_word' id='word_1_353' title='bbox 2257 3996 2339 4069; x_wconf 52' lang='lat' dir='ltr'><strong>bx</strong></span> <span class='ocrx_word' id='word_1_354' title='bbox 2385 4012 2542 4073; x_wconf 86' lang='lat' dir='ltr'><strong>malo</strong></span> <span class='ocrx_word' id='word_1_355' title='bbox 2580 4020 2706 4073; x_wconf 85' lang='lat' dir='ltr'><strong>est:</strong></span> 
     </span>
     <span class='ocr_line' id='line_1_37' title="bbox 579 4103 2709 4188; baseline 0.006 -27"><span class='ocrx_word' id='word_1_356' title='bbox 579 4119 719 4161; x_wconf 91' lang='lat' dir='ltr'><strong>nam</strong></span> <span class='ocrx_word' id='word_1_357' title='bbox 768 4119 886 4161; x_wconf 90' lang='lat' dir='ltr'><strong>non</strong></span> <span class='ocrx_word' id='word_1_358' title='bbox 930 4103 1097 4180; x_wconf 87' lang='lat' dir='ltr'><strong>prius</strong></span> <span class='ocrx_word' id='word_1_359' title='bbox 1149 4103 1364 4181; x_wconf 87' lang='lat' dir='ltr'><strong>aliquis</strong></span> <span class='ocrx_word' id='word_1_360' title='bbox 1416 4107 1480 4163; x_wconf 90' lang='lat' dir='ltr'><strong>in</strong></span> <span class='ocrx_word' id='word_1_361' title='bbox 1536 4106 1786 4166; x_wconf 88' lang='lat' dir='ltr'><strong>Coelum</strong></span> <span class='ocrx_word' id='word_1_362' title='bbox 1848 4109 2176 4169; x_wconf 81' lang='lat' dir='ltr'><strong>admittitur</strong></span> <span class='ocrx_word' id='word_1_363' title='bbox 2221 4128 2404 4188; x_wconf 87' lang='lat' dir='ltr'><strong>quam</strong></span> <span class='ocrx_word' id='word_1_364' title='bbox 2452 4130 2588 4172; x_wconf 92' lang='lat' dir='ltr'><strong>cum</strong></span> <span class='ocrx_word' id='word_1_365' title='bbox 2641 4116 2709 4174; x_wconf 87' lang='lat' dir='ltr'><strong>in</strong></span> 
     </span>
     <span class='ocr_line' id='line_1_38' title="bbox 578 4203 2796 4290; baseline 0.005 -27"><span class='ocrx_word' id='word_1_366' title='bbox 578 4205 738 4264; x_wconf 87' lang='lat' dir='ltr'><strong>veris</strong></span> <span class='ocrx_word' id='word_1_367' title='bbox 781 4220 857 4264; x_wconf 83' lang='lat' dir='ltr'><strong>ex</strong></span> <span class='ocrx_word' id='word_1_368' title='bbox 899 4203 1056 4264; x_wconf 92' lang='lat' dir='ltr'><strong>bono</strong></span> <span class='ocrx_word' id='word_1_369' title='bbox 1106 4210 1198 4264; x_wconf 89' lang='lat' dir='ltr'><strong>est</strong></span> <span class='ocrx_word' id='word_1_370' title='bbox 1211 4224 1227 4280; x_wconf 88' lang='lat'>3</span> <span class='ocrx_word' id='word_1_371' title='bbox 1291 4222 1402 4265; x_wconf 90' lang='lat' dir='ltr'><strong>nec</strong></span> <span class='ocrx_word' id='word_1_372' title='bbox 1435 4208 1606 4282; x_wconf 89' lang='lat' dir='ltr'><strong>prius</strong></span> <span class='ocrx_word' id='word_1_373' title='bbox 1653 4207 1869 4284; x_wconf 88' lang='lat' dir='ltr'><strong>aliquis</strong></span> <span class='ocrx_word' id='word_1_374' title='bbox 1923 4213 1984 4269; x_wconf 85' lang='lat' dir='ltr'><strong>in</strong></span> <span class='ocrx_word' id='word_1_375' title='bbox 2036 4210 2346 4271; x_wconf 73' lang='lat' dir='ltr'><strong>Internum</strong></span> <span class='ocrx_word' id='word_1_376' title='bbox 2398 4212 2699 4290; x_wconf 84' lang='lat' dir='ltr'><strong>dejicitur,</strong></span> <span class='ocrx_word' id='word_1_377' title='bbox 2791 4287 2796 4290; x_wconf 81' lang='lat'><em>.</em></span> 
     </span>
     <span class='ocr_line' id='line_1_39' title="bbox 581 4305 2704 4388; baseline 0.005 -24"><span class='ocrx_word' id='word_1_378' title='bbox 581 4322 760 4385; x_wconf 88' lang='lat' dir='ltr'><strong>quam</strong></span> <span class='ocrx_word' id='word_1_379' title='bbox 810 4322 944 4367; x_wconf 84' lang='lat' dir='ltr'><strong>cum</strong></span> <span class='ocrx_word' id='word_1_380' title='bbox 996 4308 1057 4367; x_wconf 89' lang='lat' dir='ltr'><strong>in</strong></span> <span class='ocrx_word' id='word_1_381' title='bbox 1107 4305 1274 4366; x_wconf 82' lang='lat' dir='ltr'><strong>falsis</strong></span> <span class='ocrx_word' id='word_1_382' title='bbox 1322 4323 1397 4366; x_wconf 79' lang='lat' dir='ltr'><strong>ex</strong></span> <span class='ocrx_word' id='word_1_383' title='bbox 1445 4305 1603 4366; x_wconf 83' lang='lat' dir='ltr'><strong>malo</strong></span> <span class='ocrx_word' id='word_1_384' title='bbox 1653 4315 1778 4386; x_wconf 84' lang='lat' dir='ltr'><strong>est3</strong></span> <span class='ocrx_word' id='word_1_385' title='bbox 1835 4309 1997 4388; x_wconf 90' lang='lat' dir='ltr'><strong>quod</strong></span> <span class='ocrx_word' id='word_1_386' title='bbox 2036 4313 2122 4370; x_wconf 84' lang='lat' dir='ltr'><strong>ita</strong></span> <span class='ocrx_word' id='word_1_387' title='bbox 2170 4314 2275 4382; x_wconf 87' lang='lat' dir='ltr'><strong>sit,</strong></span> <span class='ocrx_word' id='word_1_388' title='bbox 2327 4313 2602 4375; x_wconf 85' lang='lat' dir='ltr'><strong>videatur</strong></span> <span class='ocrx_word' id='word_1_389' title='bbox 2638 4316 2704 4375; x_wconf 89' lang='lat' dir='ltr'><strong>in</strong></span> 
     </span>
    </p>
   </div>
  </div>
 </body>
</html>
