3013 5114
474 442 683 500 HOMO
724 443 910 499 POST
949 442 1261 500 MORTEM
1301 445 1436 500 EST
1474 446 1548 502 IN
1588 444 1772 502 OMNI
1814 446 2056 512 SENSU‚
2100 447 2256 504 E'rc.
2337 458 2446 516 277

324 604 484 683 quod
521 604 747 680 aliquid
784 607 897 677 sit,
936 606 1099 682 quod
1132 607 1310 666 homo
1350 608 1411 665 in
1447 622 1514 666 se
1557 608 1875 683 cogitavit,
1920 614 1980 667 et
2013 610 2073 667 in
2099 608 2448 670 abscondito

322 708 497 782 fecit,
551 712 690 783 post
740 713 993 764 mortem
1047 707 1267 784 lateat3
1324 707 1435 768 sed
1484 708 1720 784 credat,
1777 709 1937 785 quod
1982 711 2180 769 omnia
2217 716 2277 770 et
2319 713 2446 772 sin-

320 807 464 886 gula
501 816 640 866 tunc
683 813 751 864 ut
791 810 851 865 in
886 806 1048 867 claro
1086 808 1179 868 die
1216 814 1481 885 pateant.

480 909 643 966 464.
716 907 984 967 Tametsi
1020 909 1311 970 Memoria
1363 917 1609 969 externa
1655 925 1764 969 seu
1809 912 2100 971 naturalis
2146 914 2302 972 inest
2335 912 2449 972 ho-

323 1011 468 1067 mini
503 1013 1208 1087 post'mortem,·usque
1260 1019 1457 1070 tamen
1514 1027 1677 1069 mere
1726 1011 2052 1088 naturalia,
2117 1030 2272 1089 quae
2308 1012 2454 1072 inibi

326 1115 495 1184 sunt,
552 1127 668 1167 non
703 1109 1183 1186 reproducuntur
1232 1113 1292 1170 in
1328 1112 1522 1171 altera
1557 1113 1706 1186 vita,
1766 1111 1876 1171 sed
1910 1113 2250 1191 spiritualia
2293 1132 2449 1191 quae

324 1210 697 1270 naturalibus
741 1228 853 1296 per
902 1213 1470 1288 correspondentias
1520 1211 1802 1290 adjuncta
1837 1220 2002 1291 sunt3
2060 1232 2216 1291 quae
2253 1222 2453 1275 tamen

325 1330 458 1370 eum
510 1313 804 1370 sistuntur
849 1311 925 1369 ad
978 1314 1207 1383 visum,
1253 1318 1564 1392 *apparent
1602 1316 1662 1372 in
1709 1313 1901 1372 forma
1955 1331 2201 1391 prorsus
2252 1315 2448 1390 simili,

322 1421 391 1472 ut
439 1415 499 1470 in
545 1412 806 1472 naturali
846 1414 1101 1489 mund03
1155 1432 1293 1473 nam
1338 1415 1538 1473 omnia
1585 1431 1740 1491 quae
1788 1417 1849 1473 in
1887 1415 2087 1476 Coelis
2135 1423 2449 1494 apparent,

323 1513 599 1574 similiter
647 1522 713 1572 ut
752 1516 812 1572 in
854 1514 1075 1574 mundo
1125 1522 1457 1593 apparent,
1511 1518 1747 1575 tametsi
1780 1518 1844 1576 in
1882 1532 1996 1576 sua
2026 1519 2300 1577 *essentia
2336 1534 2455 1578 non

325 1622 465 1674 sunt
511 1615 838 1689 naturalia,
910 1616 1021 1675 sed
1068 1616 1438 1693 spiritualia,
1499 1624 1678 1694 prout
1721 1624 2030 1677 ostensum
2082 1617 2357 1678 videatur
2393 1619 2453 1676 in

247 1764 250 1772 .
325 1714 597 1775 Articulo
634 1715 707 1776 de
745 1715 1306 1793 Repraesentativis
1340 1724 1401 1777 et
1427 1719 1817 1794 Apparentiis
1854 1720 1915 1777 in
1951 1717 2154 1793 CoeIO,
2193 1737 2270 1777 n:⁴
2310 1722 2337 1777 1
2361 1721 2448 1778 70

325 1817 404 1876 ad
454 1819 615 1876 176.
707 1815 829 1876 Sed
878 1817 1169 1877 Memoria
1218 1825 1466 1878 externa
1504 1835 1615 1878 seu
1652 1818 1973 1894 naturalis,
2041 1827 2325 1896 quantum
2374 1820 2452 1878 ad

324 1919 430 1977 illa
481 1917 626 1976 inibi
674 1935 829 1994 quae
882 1919 1124 1978 trahunt
1165 1937 1202 1978 a
1249 1918 1579 1990 materiali,
1635 1935 1788 1994 eque
1830 1925 2100 1996 tempore
2142 1925 2201 1978 et
2235 1922 2451 1997 spatio,

327 2025 389 2078 et
429 2037 465 2076 a
500 2017 748 2095 reliquis
788 2037 940 2096 quae
978 2022 1226 2097 propria
1261 2027 1512 2079 naturae
1555 2026 1729 2094 sunt,
1776 2036 1898 2079 non
1931 2021 2184 2080 inservit
2218 2022 2458 2097 spiritui

324 2137 437 2196 pro
476 2119 578 2178 illo
614 2136 767 2195 usu,
805 2123 866 2178 in
901 2139 1018 2196 quo
1054 2122 1449 2181 inserviverat
1486 2123 1542 2180 ei
1576 2123 1635 2178 in
1670 2120 1920 2194 mundo,
1962 2123 2239 2198 queniam
2276 2120 2455 2181 homo

261 2300 268 2307 Ν
324 2223 385 2280 in
423 2219 674 2297 mundo,
701 2208 847 2280 scum
890 2240 965 2281 ex
995 2222 1266 2282 sensuali
1303 2228 1583 2298 externo,
1623 2228 1683 2281 et
1720 2240 1837 2282 non
1872 2221 2050 2282 simul
2078 2239 2149 2281 ex
2189 2221 2458 2283 sensuali

324 2323 556 2382 interno
610 2339 721 2383 seu
767 2323 1161 2384 intellectuali
1211 2324 1531 2401 cogitavit,
1596 2324 1947 2384 naturaliter
1994 2330 2054 2383 et
2102 2342 2220 2384 non
2268 2325 2451 2401 spiri-

325 2423 567 2482 tualiter
607 2425 923 2502 cogitavit3
983 2432 1045 2483 at
1080 2441 1225 2487 vero
1269 2427 1331 2483 in
1378 2423 1572 2484 altera
1607 2427 1758 2500 vita,
1803 2424 1942 2482 dum
1979 2425 2228 2500 spiritus
2268 2430 2360 2483 est
2397 2426 2456 2481 in

329 2523 550 2584 mundo
605 2524 932 2603 spirituali,
1015 2544 1132 2585 non
1183 2527 1406 2602 cogitat
1457 2524 1810 2584 naturaliter
1864 2524 1974 2584 sed
2029 2522 2452 2604 spiritualiter3

328 2626 719 2702 spiritualiter
797 2630 1061 2704 cogitare
1138 2632 1230 2685 est
1299 2625 1798 2685 intellectualiter
1871 2642 1985 2686 seu
2053 2624 2451 2701 rationaliter3

326 2729 466 2786 inde
504 2736 627 2803 est,
670 2728 827 2804 quod
868 2729 1157 2788 memoria
1188 2734 1435 2785 externa
1471 2743 1582 2784 seu
1617 2725 1906 2785 naturalis
1944 2724 2143 2803 quoad
2169 2725 2274 2785 illa
2303 2742 2458 2801 quae

327 2829 662 2888 materialia
719 2835 887 2899 sunt,
957 2837 1097 2888 tunc
1152 2830 1451 2904 quiescat,
1524 2833 1584 2885 et
1639 2826 1813 2886 modo
1865 2828 1925 2885 in
1986 2844 2159 2886 usum
2215 2828 2459 2886 veniant

328 2948 482 3006 quae
518 2930 696 2989 homo
735 2948 845 3006 per
874 2930 981 2989 illa
1010 2934 1071 2989 in
1099 2928 1317 2988 mundo
1346 2929 1578 3003 hausit,
1632 2934 1692 2987 et
1718 2929 2033 3010 rationalia
2070 2929 2242 2988 fecit:
2300 2927 2459 3003 quod
2538 2941 2547 2948 ·

324 3033 614 3090 memoria
664 3038 912 3090 externa
950 3031 1146 3107 quoad
1199 3029 1303 3088 illa
1346 3046 1503 3113 quae
1553 3028 1887 3089 materialia
1927 3035 2095 3104 sunt,
2165 3030 2456 3106 quiescat,

328 3138 423 3191 est
461 3150 685 3207 causa,
738 3134 881 3208 quia
929 3152 1045 3192 non
1085 3131 1402 3208 reproduci
1440 3139 1723 3208 possunt,
1774 3129 2097 3207 loquuntur
2134 3132 2289 3190 enim
2325 3133 2456 3206 spi—

323 3234 475 3292 ritus
532 3241 591 3293 et
639 3232 838 3310 angeli
892 3251 968 3293 ex
1019 3233 1432 3294 affectionibus
1484 3239 1545 3292 et
1595 3232 1733 3292 inde
1789 3231 2252 3310 cogitationibus
2301 3248 2457 3306 quae

325 3337 541 3394 mentis
581 3352 785 3393 eorum
831 3341 1005 3409 sunt,
1060 3341 1430 3413 quapropter
1478 3352 1554 3393 ea
1602 3350 1757 3410 quae
1809 3350 1926 3391 non
1977 3331 2273 3410 quadrant
2321 3347 2459 3389 cum

325 3431 475 3509 illis,
515 3454 630 3494 non
671 3434 871 3511 eloqui
905 3444 1187 3512 possunt,
1251 3442 1319 3493 ut
1356 3442 1632 3494 constare
1673 3439 1876 3509 potest
1914 3451 1988 3491 ex
2026 3434 2133 3500 iiS‚
2171 3447 2345 3507 *quae
2383 3430 2458 3490 de

326 3531 573 3617 loquela
609 3534 977 3609 Angelorum
1013 3540 1074 3596 in
1106 3536 1319 3610 Coe10,
1362 3539 1420 3593 et
1453 3533 1528 3591 de
1556 3532 1798 3609 loquela
1826 3550 2032 3592 eorum
2060 3548 2194 3589 cum
2219 3530 2459 3591 homine

330 3649 405 3692 n:
460 3636 598 3693 234
631 3631 708 3690 ad
742 3635 874 3691 257
896 3680 912 3709 ,
967 3637 1124 3695 dicta
1160 3642 1331 3695 sunt:
1385 3632 1525 3691 inde
1578 3641 1703 3702 est,
1762 3632 1922 3709 quod
1959 3637 2245 3708 quantum
2280 3632 2459 3692 homo

328 3752 443 3815 per
481 3734 748 3811 Linguas
789 3739 848 3791 et
888 3752 999 3810 per
1045 3734 1341 3794 Scientias
1390 3732 1698 3791 rationalis
1747 3734 1940 3791 factus
1980 3739 2071 3793 est
2110 3734 2169 3791 in
2213 3733 2454 3809 mundo,

325 3842 559 3898 tantum
596 3833 907 3894 rationalis
959 3838 1038 3894 sit
1086 3840 1225 3911 post
1269 3827 1548 3908 mortem,
1614 3839 1672 3893 et
1723 3850 1971 3911 prorsus
2013 3852 2129 3894 non
2172 3841 2460 3912 quantum

325 3941 564 4015 linguas
604 3943 663 3997 et
690 3937 988 4008 scientias¹
1014 3935 1237 3996 calluit.
1280 3935 1593 4011 Loquutus
1631 3951 1765 3994 sum
1801 3951 1935 3994 cum
1971 3936 2269 4013 pluribus,
2307 3953 2459 4013 quos

326 4044 391 4102 in
443 4040 661 4098 mundo
727 4039 1108 4098 crediderunt
1166 4037 1295 4096 fore
1359 4035 1620 4096 eruditos
1685 4056 1759 4098 ex
1832 4054 1905 4098 eo
1973 4038 2133 4116 quod
2185 4039 2461 4096 noverint

330 4141 593 4217 Linguas
634 4146 937 4211 vetustaS,
990 4145 1057 4198 ut
1092 4138 1488 4213 Hebraicam,
1551 4137 1877 4215 Graecam,
1939 4145 1995 4197 et
2032 4139 2334 4212 Latinam,
2398 4142 2460 4195 et

329 4258 449 4301 non
483 4240 773 4299 rationale
810 4257 984 4300 suum
1036 4258 1147 4318 per
1191 4241 1326 4312 illa,
1376 4257 1532 4317 quae
1581 4241 1642 4297 in
1690 4240 1809 4300 illis
1854 4242 2080 4315 scripta
2116 4245 2284 4310 sunt,
2344 4254 2453 4324 exss

333 4341 665 4410 coluerunt,
705 4346 765 4400 et
802 4344 917 4401 visi
955 4350 1096 4402 sunt
1133 4341 1375 4418 quidam
1408 4343 1492 4400 ita
1531 4340 1834 4418 simplices
1872 4342 2027 4400 sicut
2063 4337 2149 4396 illi
2178 4338 2278 4415 qui
2315 4333 2461 4393 nihil
2522 4342 2539 4350 “
