3013 5114
584 441 691 491 ‘268
1193 426 1286 479 DE
1330 425 1568 481 COELO
1611 424 1705 478 ET
1744 422 2079 478 INFERNO.

581 590 862 651 fundatur
904 586 1173 647 doctrina
1209 587 1282 646 de
1326 586 1823 654 Resurrectione‚
1879 601 1950 643 ac
1994 582 2143 642 fides
2183 581 2343 660 quod
2370 582 2711 659 conjunctio

581 693 783 750 futura
823 691 930 763 sit,
988 688 1224 763 quando
1280 687 1553 746 ultimum
1602 686 1905 746 Judicium
1943 686 2134 760 venit3
2208 683 2343 742 inde
2382 688 2510 758 est,
2570 699 2709 742 cum

581 791 798 868 aliquis
835 790 910 850 de
953 790 1150 848 anima
1195 806 1270 848 ex
1312 787 1580 849 doctrina
1630 795 1691 846 et
1731 786 1908 845 simul
1952 803 2025 844 ex
2060 784 2413 862 hypothesi,
2461 785 2706 860 cogitat,

583 891 743 969 quod
770 906 1018 967 prorsus
1046 908 1165 948 non
1201 892 1434 966 capiat,
1470 887 1631 965 quod
1666 886 1774 946 illa
1799 889 1878 946 sit
1913 889 2191 964 spiritus,
2245 892 2306 945 et
2340 886 2392 944 is
2428 886 2490 943 in
2517 885 2711 943 forma

580 993 876 1052 humana:
941 990 1201 1066 accedit,
1258 990 1418 1068 quod
1460 992 1562 1048 vix
1608 988 1824 1065 aliquis
1871 988 2047 1048 hodie
2096 989 2279 1059 sciat,
2341 984 2485 1062 quid
2527 987 2712 1061 spiri-

581 1093 747 1153 tuale
799 1099 927 1165 est,
985 1100 1044 1153 et
1093 1094 1291 1150 minus
1341 1090 1500 1168 quod
1549 1089 1752 1167 aliqua
1791 1089 1981 1149 forma
2025 1089 2290 1149 humana
2334 1090 2412 1146 sit
2446 1085 2566 1145 illis
2608 1089 2712 1163 qui

587 1193 934 1272 spirituales
973 1201 1144 1267 sunt,
1202 1193 1413 1269 quales
1450 1198 1590 1251 sunt
1637 1207 1844 1250 omnes
1884 1192 2130 1268 spiritus
2168 1196 2230 1248 et
2265 1188 2478 1265 angeli.
2561 1187 2713 1249 Inde

589 1302 709 1370 est,
762 1293 921 1371 quod
969 1294 1093 1352 fere
1142 1310 1348 1354 omnes
1392 1295 1494 1369 qui
1543 1309 1576 1351 e
1626 1290 1845 1350 mundo
1883 1293 2159 1365 veniunt,
2212 1292 2497 1349 mirentur
2532 1306 2713 1366 quam

583 1399 872 1468 maxime,
930 1395 1089 1470 quod
1127 1396 1364 1464 vivant,
1422 1399 1482 1452 et
1520 1392 1680 1469 quod
1717 1394 1836 1450 sint
1870 1390 2142 1451 homines
2180 1408 2374 1468 aeque
2410 1408 2481 1450 ac
2519 1392 2710 1468 prius,

587 1496 745 1573 quod
797 1494 1069 1569 videant,
1123 1494 1368 1554 audiant
1412 1499 1473 1552 et
1518 1493 1869 1570 loquantur,
1929 1500 1989 1552 et
2033 1492 2193 1575 quod
2236 1508 2454 1568 corpus
2504 1508 2716 1551 eorum

582 1602 745 1654 tactu
769 1595 1000 1674 polleat
1028 1598 1182 1655 sicut
1208 1598 1407 1672 prius,
1451 1600 1513 1654 et
1539 1593 1700 1670 quod
1733 1609 1981 1669 prorsus
2019 1592 2164 1652 nihil
2205 1593 2456 1668 differat,
2495 1591 2712 1652 videa·

587 1706 685 1753 tur
723 1713 909 1773 supra
962 1714 1030 1754 n:
1078 1700 1200 1756 74:
1256 1696 1384 1755 sed·
1414 1674 1548 1755 cui'n
1585 1700 1828 1755 cessant
1863 1711 1931 1753 se
1964 1696 2195 1764 mirari,
2250 1693 2384 1753 dein
2421 1696 2716 1753 mirantur

586 1797 746 1873 quod
778 1797 1054 1868 Ecclesia
1087 1797 1233 1856 nihil
1276 1798 1429 1857 sciat
1476 1797 1550 1856 de
1593 1794 1699 1854 tali
1734 1802 1894 1854 statu
1928 1795 2231 1854 hominum
2265 1802 2407 1872 post
2440 1801 2741 1867 mortem,

589 1901 673 1956 ita
707 1915 816 1957 nec
856 1898 929 1957 de
973 1898 1161 1958 Coelo
1200 1905 1259 1958 et
1306 1897 1576 1972 Inferno‚
1642 1915 1774 1956 cum
1826 1902 2025 1955 tamen
2073 1912 2280 1956 omnes
2329 1901 2715 1973 quotcunque

584 2003 646 2057 in
683 2000 901 2059 mundo
943 2003 1251 2068 vixerunt,
1308 2001 1366 2058 in
1404 1998 1599 2057 altera
1635 1999 1759 2056 vita
1808 2003 1978 2072 sunt,
2036 2014 2107 2056 ac
2158 1998 2367 2058 vivunt
2407 1995 2715 2056 homines:

589 2107 650 2158 ει
701 2103 840 2178 quia
896 2103 1075 2159 etiam
1135 2099 1504 2157 mirabantur
1560 2117 1668 2158 cur
1711 2098 1828 2157 hoc
1876 2098 2487 2157 non·manifestatum
2535 2097 2721 2156 fuerit

582 2200 807 2258 homini
854 2218 965 2275 per
1017 2203 1310 2273 visiones,
1377 2201 1516 2274 quia
1564 2199 1625 2258 id
1673 2198 1995 2257 essentiale
2046 2197 2185 2258 fidei
2231 2198 2542 2258 Ecclesiae
2598 2204 2714 2273 est,

585 2299 808 2356 dictum
849 2307 942 2357 est
979 2298 1096 2358 illis
1138 2317 1170 2357 e
1218 2298 1438 2373 Coelo,
1496 2300 1655 2375 quod
1690 2299 1805 2358 hoc
1846 2300 2152 2375 potuisset
2184 2298 2344 2369 fieri,
2395 2316 2533 2357 nam
2569 2298 2720 2357 nihil

585 2399 822 2459 facilius
869 2409 990 2474 est,
1047 2418 1228 2477 quum
1272 2399 1531 2458 Domino
1570 2398 1959 2476 beneplacet,
2019 2401 2130 2459 sed
2175 2400 2334 2477 quod
2369 2417 2562 2477 usque
2598 2416 2719 2459 non

586 2484 872 2561 credituri
911 2508 1143 2578 essent,
1209 2502 1311 2579 qui
1356 2517 1422 2560 se
1473 2503 1534 2560 in
1580 2500 1748 2561 falsis
1797 2506 2004 2561 contra
2052 2501 2158 2561 illa
2195 2501 2717 2574 confirmaverunt,

539 2605 540 2608 ’
594 2606 830 2663 etiarnsi
871 2606 986 2680 ipsi
1021 2606 1236 2679 visuri3
1292 2611 1416 2660 tum
1457 2604 1614 2679 quod
1650 2602 2055 2680 periculosum
2095 2606 2173 2662 sit
2209 2603 2433 2680 aliquid
2470 2620 2584 2680 per
2617 2604 2715 2662 vi·-

592 2707 794 2764 siones
832 2705 1183 2763 confirmare
1222 2704 1384 2781 apud
1423 2703 1559 2763 illos
1609 2706 1709 2781 qui
1752 2705 1810 2762 in
1849 2702 2018 2762 falsis
2056 2709 2222 2778 sunt,
2280 2706 2545 2780 quia‘sic
2585 2706 2717 2781 pri-

587 2823 750 2863 mum
789 2805 1079 2864 credituri
1118 2811 1354 2879 essent,
1397 2812 1456 2864 et
1492 2813 1709 2881 postea
1749 2806 2054 2881 negaturi,
2107 2822 2178 2864 ac
2216 2808 2301 2864 ita
2335 2808 2531 2882 ipsum
2569 2804 2723 2864 illud

585 2922 796 2964 verum
832 2904 1299 2981 prophanaturi,
1356 2923 1487 2963 nam
1542 2905 1921 2981 prophanare
1973 2911 2065 2964 est
2114 2906 2360 2966 credere
2398 2912 2460 2965 et
2495 2912 2717 2984 postea

587 3021 838 3079 negare,
894 3011 954 3063 et
1004 3008 1104 3080 qui
1146 3006 1528 3080 prophanant
1574 3023 1748 3079 vera,
1807 3004 1896 3064 illi
1939 3008 1995 3063 in
2043 3008 2305 3066 omnium
2349 3007 2717 3076 infernorum

585 3102 847 3162 infimum
887 3111 945 3162 et
980 3106 1397 3180 gravissimum
1440 3106 1835 3165 detruduntur
1866 3092 1976 3186 (h).
2057 3106 2561 3184 Hoc-periculum
2600 3115 2716 3183 est,

821 3266 1009 3275 “0⁴—

743 3340 831 3403 (h)
889 3337 1056 3405 Quod
1112 3338 1497 3410 prophanatio
1555 3339 1628 3390 sit
1682 3340 2018 3393 commixtio
2069 3340 2213 3393 boni
2268 3352 2326 3395 et
2363 3342 2532 3406 mali,
2596 3352 2720 3395 turn

591 3414 715 3471 veri
762 3426 816 3468 et
858 3415 987 3469 falsi
1030 3415 1179 3489 apud
1236 3415 1560 3478 hominem,
1627 3433 1692 3466 n:
1752 3422 1920 3476 6348.
2001 3416 2171 3492 Quod
2216 3418 2581 3489 prophanare
2621 3435 2719 3472 ve·

590 3510 719 3547 rum
773 3502 830 3546 et
868 3493 1121 3556 bonum,
1191 3508 1289 3544 seu
1345 3501 1539 3543 sancta
1600 3489 1780 3545 Verbi
1838 3501 1893 3544 et
1945 3492 2271 3558 Ecclesiae,
2335 3511 2453 3546 non
2492 3494 2723 3565 possint

588 3569 687 3623 alii
732 3587 905 3640 quam
948 3570 1047 3642 qui
1090 3568 1343 3641 primum
1387 3578 1709 3639 agnoscunt
1751 3568 1880 3630 illa,
1942 3585 2007 3621 ac
2050 3570 2229 3640 magis
2288 3569 2336 3622 si
2386 3571 2594 3624 vivunt
2635 3587 2719 3624 se-

585 3645 838 3698 cundum
881 3646 1015 3711 illa,
1059 3662 1126 3698 ac
1169 3654 1372 3718 postca
1414 3644 1697 3697 recedunt
1737 3661 1768 3696 a
1809 3643 1943 3705 fide,
1987 3657 2199 3717 negant
2240 3645 2360 3710 illa,
2403 3664 2471 3700 ac
2514 3646 2721 3700 vivunt

591 3719 702 3771 sibi
749 3730 806 3773 ct
848 3721 1100 3786 mundo,
1158 3739 1225 3774 n:
1284 3729 1414 3782 593.
1462 3729 1629 3782 1008·
1678 3727 1843 3781 1010·
1886 3728 2053 3781 1059·
2104 3727 2273 3781 3398.
2327 3729 2496 3783 3399.
2545 3730 2717 3782 3898.

593 3802 762 3856 4289.
806 3802 974 3857 4601.
1017 3804 1222 3858 10284.
1275 3805 1487 3859 10287.
1571 3797 1633 3850 Si
1674 3797 1850 3849 homo
1894 3806 2025 3868 post
2065 3796 2482 3867 poenitentiam
2525 3797 2722 3851 cordis

594 3870 662 3922 ad
708 3872 855 3924 mala
896 3874 1096 3945 priora
1140 3873 1443 3935 relabitur,
1490 3873 1646 3945 quod
1692 3874 2034 3944 prophanet,
2080 3883 2136 3926 et
2171 3873 2329 3944 quod
2369 3884 2507 3927 tunc
2542 3884 2723 3926 status

592 3946 716 4009 eius
758 3950 1053 4015 posterior
1091 3949 1189 4001 fiat
1231 3949 1399 4020 pejor
1441 3959 1590 4002 statu
1631 3949 1755 4016 ejus
1798 3949 2006 4022 priori,
2050 3963 2119 4002 n:
2164 3956 2332 4009 8394.
2414 3950 2586 4027 Quod
2633 3949 2721 4002 illi

593 4030 786 4073 sancta
821 4039 938 4074 non
981 4024 1350 4093 prophanare
1390 4025 1637 4095 possint,
1682 4025 1779 4097 qui
1818 4042 1936 4079 non
1976 4035 2340 4097 agnoverunt
2368 4026 2485 4090 illa,
2530 4027 2722 4079 miuus

593 4095 690 4167 qui
736 4113 852 4148 non
896 4098 1083 4150 sciunt
1126 4098 1243 4158 illa,
1287 4116 1354 4150 n:
1402 4107 1570 4158 1008.
1616 4109 1785 4160 1010.
1828 4110 1996 4163 1059.
2040 4107 2207 4161 9188.
2260 4108 2469 4163 10284.
2552 4101 2722 4167 Quod

594 4174 839 4234 Gentem
906 4174 1038 4245 quia
1094 4183 1253 4227 extra
1307 4174 1656 4239 Ecclesiam,
1722 4185 1779 4229 et
1817 4194 1938 4230 non
1984 4177 2199 4231 habent
2238 4178 2536 4241 Verbum,
2599 4195 2723 4229 non

588 4251 959 4320 prophanare
1013 4249 1269 4322 possint,
1337 4268 1405 4303 n:
1452 4259 1620 4311 1327.
1683 4259 1846 4312 1328·
1903 4261 2072 4314 2051.
2117 4259 2286 4314 2284.
2369 4253 2539 4331 Quod
2584 4253 2721 4307 ideo

590 4325 827 4381 Judacis
872 4344 986 4380 non
1032 4326 1254 4382 detecta
1309 4327 1531 4382 suerint
1574 4329 1855 4383 interiora
1899 4347 2077 4393 vera,
2133 4346 2262 4384 nam
2305 4331 2348 4383 si
2398 4331 2621 4385 ‘detecta
2664 4340 2724 4385 et
