3013 5114
316 405 617 460 MALITIA
652 403 744 458 ET
779 405 1007 459 ARTES
1034 405 1424 461 NEFANDAE
1461 407 1850 465 SPIRITUUM
1886 408 2273 468 INFERNAL.
2326 421 2434 473 361

316 566 480 644 apud
518 565 818 642 Ange105‚
873 568 934 623 in
973 582 1043 624 eo
1083 568 1260 625 etiam
1300 571 1395 625 est
1428 568 1656 627 malitia
1695 574 1755 628 et
1795 570 2021 628 astutia
2055 569 2217 645 apud
2253 571 2433 657 spiri-

314 673 414 725 tus
453 666 814 741 infernales3
863 666 1071 724 similis
1110 669 1265 725 enim
1294 684 1391 726 res
1421 675 1545 745 est3
1584 671 1862 745 quoniam
1888 672 2135 746 spiritus
2164 669 2438 741 hominiS,

316 784 451 827 cum
498 766 733 825 solutus
776 772 870 825 est
905 784 942 824 a
978 784 1258 843 corpore,
1312 770 1375 825 in
1407 785 1519 827 suo
1548 769 1704 828 bono
1752 777 1852 828 aut
1887 772 1944 828 in
1971 787 2082 829 suo
2120 769 2275 829 malo
2323 778 2433 845 est,

315 869 564 944 spiritus
601 866 910 943 angelicus
955 870 1013 926 in
1063 883 1172 926 suo
1206 867 1401 943 bono,
1463 886 1534 928 ac
1579 871 1824 946 spiritus
1860 870 2163 929 infernalis
2208 872 2268 929 in
2320 888 2433 930 suo

313 967 506 1043 malo;
560 984 696 1025 nam
744 970 1160 1051 unusquisque
1208 970 1456 1044 spiritus
1504 976 1598 1029 est
1644 987 1818 1029 suum
1858 970 2078 1029 boumn
2119 971 2218 1029 vel
2257 989 2433 1031 suum

312 1068 567 1142 malum,
624 1070 766 1144 quia
805 1074 896 1126 est
950 1084 1096 1127 suus
1148 1086 1340 1144 amor,
1394 1077 1575 1146 prout
1609 1072 1854 1146 saepius
1890 1073 2056 1147 prius
2108 1070 2326 1130 dictum
2371 1056 2432 1130 el

315 1174 628 1227 ostensum
657 1175 779 1244 est3
822 1174 1189 1246 quapropter
1217 1171 1374 1229 sicut
1407 1173 1651 1247 spiritus
1689 1171 1996 1247 angelicus
2035 1189 2109 1230 ex
2137 1188 2245 1246 suo
2273 1172 2431 1245 bono
2471 1193 2475 1196 ·

315 1270 571 1345 cogitat,
623 1269 781 1340 vult,
835 1270 1098 1344 loquitur
1142 1277 1202 1329 et
1240 1272 1393 1346 agit,
1449 1273 1536 1329 ita
1577 1273 1825 1347 spiritus
1864 1272 2172 1331 infernalis
2209 1290 2284 1332 ex
2321 1289 2432 1330 suo

320 1369 513 1444 ma103
569 1376 628 1429 et
659 1384 729 1428 ex
767 1371 901 1446 ipso
938 1368 1095 1428 malo
1133 1372 1413 1446 cogitare,
1453 1370 1630 1441 velle,
1673 1372 1854 1448 loqui,
1896 1378 1955 1431 et
1989 1390 2188 1448 agere,
2230 1379 2324 1431 est
2361 1390 2436 1429 ex

316 1473 551 1529 cunctis
593 1487 747 1548 quae
787 1473 845 1527 in
884 1469 1041 1527 malo
1079 1477 1247 1547 suntg
1303 1470 1477 1530 aliter
1513 1489 1647 1531 cum
1684 1474 1744 1529 in
1776 1489 2027 1549 corpore
2067 1475 2244 1544 vixit,
2294 1479 2435 1531 tunc

311 1570 536 1628 malum
577 1572 830 1647 spiritus
858 1571 970 1628 suit
1004 1571 1066 1628 in
1089 1571 1363 1645 vinculi8‚
1398 1589 1553 1648 quae
1580 1574 1902 1649 unicuique
1929 1573 2151 1632 homini
2187 1580 2325 1632 sunt
2358 1590 2433 1631 ex

308 1668 465 1746 lege,
498 1688 572 1729 ex
600 1671 786 1743 lucr0,
816 1687 890 1729 ex
918 1670 1160 1742 honore,
1196 1677 1256 1731 et
1285 1688 1359 1729 ex
1388 1674 1697 1732 timoribus
1718 1674 1995 1750 jacturae
2026 1692 2248 1748 eorum,
2276 1690 2431 1750 qua-

279 1771 559 1846 *propter
600 1771 827 1830 malum
861 1772 1107 1846 spiritus
1152 1772 1283 1848 ejus
1315 1777 1454 1831 tunc
1489 1790 1606 1830 non
1641 1776 1837 1849 potuit
1874 1760 2218 1849 erumpere,
2268 1790 2338 1832 ac
2366 1789 2435 1831 se

310 1873 699 1930 manifestare
741 1871 920 1947 quale
971 1874 1137 1949 inse
1175 1879 1370 1948 esset3
1426 1879 1745 1949 praeterea
1794 1875 1972 1931 etiam
2021 1882 2159 1932 tunc
2207 1873 2432 1931 malum

310 1973 573 2046 spiritus*
611 1972 866 2030 hominis
912 1972 1403 2033 circumvelatum
1453 1980 1513 2031 et
1557 1972 1902 2031 obvolutum
1940 1973 2133 2049 jacuit
2188 1979 2435 2032 externa

308 2070 638 2147 probitate,
708 2075 1084 2144 sinceritate,
1139 2075 1406 2151 justitia,
1476 2081 1536 2134 et
1598 2072 1909 2132 affectione
1967 2075 2092 2132 veri
2153 2080 2214 2131 et
2270 2072 2431 2146 boni,

310 2189 460 2248 quas
507 2172 685 2233 homo
728 2174 865 2232 talis
909 2191 1010 2233 ore
1050 2175 1339 2251 praetulit
1383 2180 1445 2234 et
1494 2174 1796 2234 simulavit
1834 2180 2081 2251 propter
2127 2173 2430 2246 mundum,

308 2271 423 2329 sub
464 2273 682 2350 quibus
726 2277 810 2333 ita
844 2276 1217 2334 reconditum
1272 2283 1332 2335 et
1368 2278 1430 2334 in
1476 2277 1729 2336 obscuro
1767 2276 1972 2350 latuit,
2029 2282 2095 2334 ut
2143 2277 2245 2333 vix
2298 2277 2431 2351 ipse

309 2375 583 2444 sciverit,
643 2376 802 2451 quod
839 2378 899 2432 in
951 2378 1167 2452 spiritu
1204 2393 1315 2435 suo
1354 2383 1526 2435 tanta
1559 2375 1788 2434 malitia
1824 2382 1881 2434 et
1919 2379 2141 2433 astutia
2176 2377 2282 2449 sit,
2349 2377 2436 2432 ita

309 2471 470 2546 quod
512 2476 572 2530 in
621 2491 689 2532 se
738 2473 877 2532 talis
929 2460 1203 2533 diabolus
1258 2478 1363 2550 sit,
1424 2476 1618 2551 qualis
1667 2475 1732 2531 fit
1781 2480 1919 2550 post
1967 2481 2243 2545 mortem,
2302 2490 2438 2530 cum
2482 2492 2486 2497 ’

309 2573 444 2650 ejus
484 2576 736 2650 spiritus
773 2575 939 2632 venit
986 2577 1046 2632 in
1093 2591 1190 2650 se,
1241 2591 1311 2634 ac
1351 2578 1411 2634 in
1449 2592 1623 2633 suam
1658 2582 1967 2633 naturam:
2025 2581 2166 2632 tunc
2209 2573 2438 2633 malitia

306 2673 445 2730 talis
502 2690 569 2732 se
616 2674 987 2749 manifestat,
1058 2680 1123 2733 ut
1169 2676 1423 2735 excedat
1476 2692 1712 2734 omnem
1762 2673 1970 2751 fidem3
2045 2680 2186 2734 sunt
2229 2673 2432 2748 millia,

308 2785 464 2849 quae
520 2791 593 2832 ex
643 2776 777 2852 ipso
831 2775 989 2834 malo
1036 2782 1177 2835 tunc
1235 2782 1588 2853 erumpunt3
1644 2777 1798 2835 inter
1849 2792 2004 2850 quae
2056 2777 2234 2835 etiam
2290 2773 2436 2832 talia

305 2880 474 2947 sunt,
541 2892 695 2950 quae
752 2892 870 2934 non
919 2877 1168 2936 vocibus
1227 2877 1480 2954 alicujus
1535 2876 1778 2952 linguae
1839 2878 2093 2951 exprimi
2143 2881 2432 2951 possunt3

306 2973 508 3050 qualia
544 2985 711 3051 sunt,
752 2977 954 3036 datum
997 2985 1091 3037 est
1125 2978 1269 3037 mihi
1303 2995 1415 3054 per
1450 2976 1662 3054 plures
1700 2978 2103 3054 experientias
2148 2978 2337 3047 scire,
2375 2982 2437 3034 et

305 3092 544 3151 quoque
583 3081 1014 3154 appercipere3
1072 3081 1214 3155 quia
1249 3078 1391 3137 mihi
1429 3078 1631 3137 datum
1673 3085 1765 3137 est
1794 3096 1830 3135 a
1856 3077 2111 3136 Domino
2150 3080 2211 3135 in
2248 3078 2431 3153 spiri·

302 3177 455 3234 tuali
493 3178 716 3237 mundo
749 3179 950 3255 quoad
985 3181 1259 3256 spirltum
1305 3195 1474 3254 esse,
1533 3186 1591 3237 et
1627 3179 1804 3238 simul
1832 3180 1891 3235 in
1919 3177 2179 3237 naturali
2214 3176 2432 3234 mundo

307 3277 506 3352 quoad
545 3295 799 3354 corpus:
854 3278 967 3337 hoc
1005 3282 1212 3339 testari
1246 3296 1526 3356 possum,
1584 3280 1744 3356 quod
1772 3277 2000 3337 malitia
2025 3269 2233 3337 eorum
2268 3283 2434 3334 tanta

302 3379 410 3450 sit,
465 3383 533 3435 ut
566 3381 664 3436 vix
702 3398 887 3438 unum
926 3398 999 3439 ex
1039 3380 1302 3440 millibus
1352 3384 1553 3456 possit
1591 3377 1883 3439 describi:
1941 3383 2002 3434 et
2038 3393 2275 3452 quoque
2320 3378 2434 3434 nisi

298 3475 592 3535 Dominus
648 3485 875 3539 tutetur
927 3481 1255 3555 hominem,
1314 3480 1473 3555 quod
1537 3496 1655 3537 non
1708 3479 1901 3554 possit
1952 3492 2207 3552 usquam
2254 3477 2435 3534 eximi

299 3576 563 3650 inferno,
632 3596 770 3638 nam
813 3581 977 3655 apud
1023 3581 1482 3656 unumquemvis
1537 3579 1840 3637 hominem
1885 3582 2005 3634 tam
2055 3577 2302 3652 spiritus
2354 3575 2432 3633 ab

300 3675 532 3735 inferno
581 3685 751 3750 sunt,
811 3696 990 3753 quam
1040 3679 1241 3755 angeli
1279 3696 1311 3737 e
1356 3679 1558 3748 coele,
1617 3678 1892 3737 videatur
1927 3691 2114 3752 supra
2151 3694 2221 3734 n:
2264 3678 2427 3734 292.

307 3778 485 3851 2933
556 3783 617 3835 et
667 3777 962 3837 Dominus
1016 3796 1135 3837 non
1189 3781 1373 3837 tutari
1425 3784 1628 3855 potest
1679 3778 2010 3846 hominem,
2086 3777 2204 3834 nisi
2254 3775 2431 3836 homo

300 3882 592 3952 agnoscat
625 3875 946 3953 Divinum,
987 3884 1047 3937 et
1074 3880 1190 3937 nisi
1228 3880 1392 3937 vivat
1420 3881 1603 3936 vitam
1643 3878 1784 3937 fidei
1816 3863 1882 3936 'et
1911 3876 2238 3949 charitatis,
2276 3876 2430 3936 alio-

302 3978 445 4054 quin
483 3980 640 4036 enim
677 3980 897 4042 avertit
932 3995 999 4037 se
1041 3997 1077 4037 a
1112 3979 1394 4053 Domino,
1439 3996 1512 4037 ac
1552 3979 1852 4038 convertit
1888 3994 1956 4036 se
1996 3977 2073 4036 ad
2106 3977 2431 4037 infernales

298 4078 584 4153 spiritus,
640 4060 702 4137 et
736 4081 824 4138 sic
863 4080 1150 4139 imbuitur
1187 4079 1386 4155 quoad
1424 4080 1704 4157 spiritum
1740 4096 1913 4139 suum
1953 4078 2131 4137 simili
2170 4078 2399 4136 malitia
2411 4094 2428 4151 3

299 4176 477 4236 homo
518 4195 711 4254 usque
754 4195 791 4236 a
835 4180 1092 4240 Domino
1130 4182 1410 4241 continue
1462 4179 1782 4241 abducitur
1821 4197 1858 4237 a
1891 4179 2104 4247 malis,
2157 4192 2314 4253 quae
2357 4192 2432 4234 ex

303 4280 748 4340 consociatione
788 4295 922 4339 cum
959 4281 1076 4341 illis
1116 4280 1424 4359 spiritibus
1468 4281 1584 4341 sibi
1618 4279 1889 4360 applicat
1929 4284 1989 4339 et
2030 4279 2204 4354 quasi
2240 4280 2429 4335 attra-
