3013 5114
941 425 1035 477 DE
1077 424 1504 482 INFANTIBUS
1547 427 1621 481 IN
1663 427 1918 485 COELO.
2378 441 2483 494 189

361 590 532 659 sunt,
588 582 781 642 influit
817 585 997 642 etiam
1030 584 1191 660 apud
1244 584 1380 645 illos
1406 584 1676 645 :coelum
1723 586 2129 662 innocentiae,
2181 590 2356 666 -quod
2393 556 2487 650 est

363 682 613 745 Coelum
656 683 945 742 Tertium.
1833 699 1841 706 ·

521 787 684 845 333.
761 786 1028 843 Infantes
1071 793 1213 844 sunt
1250 786 1490 846 diversa
1541 786 1770 859 indole,
1835 789 2074 865 quidam
2109 797 2249 848 sunt
2285 790 2484 850 indole

363 904 486 964 qua
519 886 739 967 Angeli
776 886 1153 963 spirituales,
1212 888 1449 963 quidam
1489 888 1692 947 indole
1731 905 1849 964 qua
1892 890 2111 966 Angeli
2156 891 2481 968 coelestes3

358 989 619 1047 infantes
675 989 776 1063 qui
819 987 1018 1045 indole
1068 988 1316 1046 coelesti
1356 997 1523 1063 sunt,
1591 998 1885 1066 apparent
1931 994 1991 1049 in
2041 990 2224 1050 Coelo
2267 992 2369 1052 illo
2407 992 2484 1052 ad

363 1089 668 1163 dextrum,
723 1090 824 1165 qui
867 1087 1064 1146 indole
1122 1089 1416 1165 spirituali
1453 1090 1531 1148 ad
1560 1093 1885 1150 sinistrum.
1962 1089 2185 1151 Omne-s
2221 1094 2481 1153 infantes

361 1192 423 1249 in
470 1190 733 1247 Maximo
784 1189 1039 1248 Homine
1092 1192 1192 1265 qui
1243 1198 1334 1248 est
1373 1189 1650 1262 Coelum,
1701 1193 1761 1248 in
1796 1191 2116 1251 Provincia
2160 1191 2485 1252 Oculorum

364 1297 532 1366 sunt,
585 1291 644 1347 in
691 1291 1000 1366 provincia
1044 1291 1202 1349 oculi
1238 1294 1464 1350 sinistri
1498 1290 1697 1352 indole
1736 1292 2034 1368 spirituali
2082 1300 2255 1369 sunt,
2310 1301 2370 1353 et
2418 1295 2481 1353 in

360 1386 673 1470 provincia
715 1390 872 1450 oculi
921 1390 1113 1449 dextri
1163 1395 1264 1466 qui
1310 1392 1508 1451 indole
1550 1392 1797 1451 coelesti
1813 1414 1829 1469 3
1887 1402 1943 1452 et
1984 1393 2098 1452 hoc
2149 1411 2223 1452 ex
2274 1410 2477 1469 causa,

364 1495 504 1570 quia
538 1492 831 1550 Dominus
888 1499 1142 1568 apparet
1177 1486 1422 1569 Angelis
1475 1496 1576 1570 qui
1624 1495 1683 1550 in
1729 1493 1938 1575 Regno
1991 1494 2289 1570 spirituali
2340 1502 2481 1554 sunt

370 1601 506 1653 ante
547 1593 783 1652 oculum
826 1594 1166 1668 sinistrum,
1223 1601 1291 1683 'et
1329 1583 1496 1682 [illis]
1552 1595 1652 1671 qui
1701 1595 1762 1652 in
1813 1595 2022 1671 Regno
2060 1596 2307 1656 coelesti
2346 1603 2483 1656 ante

372 1693 604 1753 oculum
646 1694 950 1767 dextrum,
1008 1694 1283 1753 videatur
1321 1712 1505 1770 supra
1541 1714 1609 1754 n:
1675 1698 1833 1755 118.
1912 1697 2000 1754 Ex
2037 1714 2134 1771 e0,
2177 1696 2337 1773 quod
2376 1697 2482 1755 In-

362 1796 558 1854 fantes
611 1797 672 1852 in
718 1794 1035 1853 Provincia
1098 1795 1403 1854 oculorum
1458 1799 1577 1854 sint
1634 1798 1693 1855 in
1748 1796 2010 1855 Maximo
2064 1797 2321 1856 Homine
2373 1815 2485 1856 seu

365 1896 578 1972 Coelo,
632 1898 812 1954 etiam
847 1902 1016 1972 patet
1046 1896 1208 1973 quod
1247 1896 1512 1955 Infantes
1552 1895 1665 1955 sub
1702 1896 2044 1956 immediato
2079 1898 2320 1956 Domini
2348 1899 2485 1957 visu

363 2005 421 2056 et
458 1999 726 2074 auspicio
763 1999 896 2055 sint.
984 2078 988 2083 ἱ

436 2182 439 2183 ⁷
521 2100 682 2157 334.
720 2095 1055 2172 Quomodo
1093 2098 1358 2157 Infantes
1396 2099 1456 2156 in
1494 2096 1679 2157 Coelo
1720 2098 2079 2175 educantur,
2123 2101 2300 2157 etiam
2326 2115 2486 2176 pau-

362 2203 449 2261 cis
490 2199 754 2258 dicetur:
813 2214 849 2256 a
895 2215 1008 2258 sua
1061 2200 1402 2259 educatrice
1452 2186 1932 2276 discunt⁴loqui3
1985 2198 2230 2276 loquela
2279 2217 2486 2259 eorum

356 2304 552 2380 prima
589 2306 682 2360 est
719 2299 893 2357 modo
942 2318 1124 2360 sonus
1164 2300 1526 2372 affectioniS,
1590 2301 1690 2376 qui
1735 2317 1847 2377 per
1890 2287 2112 2377 gradus
2150 2302 2484 2361 distinctior

359 2403 459 2473 fit,
514 2403 671 2461 sicut
706 2400 879 2459 ideae
909 2404 1287 2479 cogitationis
1324 2403 1577 2477 intrant3
1616 2419 1752 2459 nam
1788 2401 1961 2460 ideae
1995 2403 2369 2477 cogitationis
2408 2419 2483 2462 ex

366 2501 784 2564 affectionibus
831 2504 1049 2562 sistunt
1099 2520 1332 2562 omnem
1366 2501 1665 2579 loquelam
1705 2500 2084 2577 Angelicam,
2151 2501 2223 2561 de
2261 2519 2382 2578 qua
2415 2520 2483 2562 re

361 2605 638 2664 videatur
672 2606 733 2663 in
787 2621 898 2663 suo
954 2598 1222 2664 Articulo
1271 2622 1338 2660 n:
1397 2604 1536 2660 234
1570 2603 1647 2661 ad
1679 2604 1838 2660 245.
1924 2601 1995 2660 In
2040 2601 2280 2660 illorum
2331 2602 2480 2662 affe-

369 2706 631 2775 ctione5‚
686 2723 842 2782 quae
899 2724 1102 2765 omnes
1155 2704 1488 2781 procedunt
1546 2701 1621 2761 ab
1672 2704 2041 2778 innocentia,
2108 2704 2483 2763 insinuantur

362 2808 624 2886 primum
666 2806 809 2864 talia
844 2824 999 2883 quae
1039 2814 1177 2865 ante
1217 2806 1422 2864 oculos
1451 2808 1765 2882 apparent,
1806 2809 1865 2863 et
1893 2800 2273 2863 delectabilia
2306 2812 2445 2863 sunt
2458 2824 2477 2882 3
2532 2838 2539 2843 -

364 2924 521 2987 quae
571 2909 711 2983 quia
756 2924 832 2966 ex
875 2910 1102 2985 origine
1149 2906 1447 2982 spirituali
1504 2911 1673 2980 sunt,
1748 2905 1809 2962 in
1855 2904 1962 2963 illa
2008 2905 2259 2964 influunt
2303 2904 2484 2965 simul

363 3026 521 3087 quae.
575 3008 728 3068 coeli
780 3015 950 3079 sunt,
1030 3026 1141 3085 per
1188 3025 1345 3084 quae
1397 3009 1750 3083 aperiuntur
1794 3008 2077 3066 interiora
2133 3023 2365 3084 eorum3
2423 3012 2483 3067 et

359 3113 446 3170 sic
480 3095 674 3169 indies
725 3110 1139 3186 perficiuntur,
1194 3115 1335 3185 post
1374 3114 1635 3167 aetatem
1684 3107 1837 3166 hanc
1888 3110 2141 3184 primam
2188 3115 2481 3180 exactam,

354 3212 796 3271 transferuntur
842 3213 904 3269 in
954 3210 1117 3269 aliud
1162 3210 1424 3285 coelum,
1483 3208 1588 3267 ubi
1634 3210 2005 3268 instruuntur
2056 3226 2093 3267 a
2139 3211 2497 3287 magistris;‚
2591 3267 2608 3280 ,

356 3322 416 3374 et
468 3314 557 3372 sic
591 3328 789 3389 porro.

517 3414 679 3473 335.
734 3412 1121 3472 Instruuntur
1163 3411 1430 3471 Infantes
1469 3411 1755 3488 imprimis
1790 3427 1902 3487 per
1934 3408 2481 3485 Repraesentativa

359 3515 552 3591 geniis
591 3530 796 3572 eorum
844 3513 1211 3590 adaequata,
1271 3530 1425 3590 quae
1476 3529 1658 3589 quam
1702 3510 1989 3588 pulchra,
2043 3516 2104 3567 et
2155 3507 2333 3566 simul
2378 3523 2480 3567 sa-

358 3615 588 3692 pientia
625 3614 698 3671 ab
733 3615 996 3673 interiori
1034 3613 1216 3690 plena
1243 3621 1411 3687 sunt,
1465 3628 1762 3688 nusquam
1798 3611 2013 3686 aliquis
2052 3608 2294 3668 credere
2330 3614 2472 3687 pot·

364 3720 490 3791 est,-
544 3715 629 3771 ita
676 3713 793 3772 illis
829 3716 1162 3773 insinuatur
1197 3733 1306 3791 per
1355 3712 1578 3791 gradus
1622 3711 2044 3787 intelligentia,
2098 3726 2253 3786 quae
2308 3728 2483 3772 suam

357 3817 614 3875 animam
664 3814 845 3874 trahit
910 3832 946 3874 a
996 3815 1186 3875 bono:
1256 3814 1398 3873 bina
1450 3815 1997 3889 repraesentativa,
2065 3829 2221 3888 quae
2272 3812 2482 3873 videre

358 3916 562 3977 datum
616 3923 746 3988 est,
797 3916 941 3976 licet
992 3916 1089 3976 hic
1135 3916 1394 3989 referre,
1454 3932 1527 3973 ex
1580 3912 1795 3998 quibus
1846 3913 2120 3973 concludi
2165 3918 2369 3989 potest
2404 3911 2483 3972 ad

358 4016 603 4092 reliqua.
712 4017 981 4077 Primum
1042 4011 1585 4094 repraesentabant
1659 4014 1982 4074 Dominum
2053 4032 2086 4073 e
2157 4013 2483 4092 sepulchro

359 4116 808 4194 ascendentem,
868 4124 928 4177 et
963 4118 1142 4177 simul
1181 4118 1443 4176 Humani
1467 4116 1673 4194 Ipsius
1708 4118 2037 4176 unitionem
2074 4132 2209 4175 cum
2235 4115 2475 4187 Divin0‚

358 4217 517 4292 quod
553 4218 736 4277 fiebat
769 4219 945 4278 modo
986 4225 1105 4277 tam
1157 4221 1452 4295 sapiente,
1487 4225 1555 4276 ut
1602 4218 1923 4277 excederet
1959 4234 2193 4276 omnem
2230 4217 2479 4291 sapien-

356 4319 500 4377 tiam
544 4318 899 4396 humanam,
959 4326 1019 4379 et
1054 4318 1230 4378 simul
1269 4319 1445 4379 modo
1494 4320 1811 4378 innocente
1851 4316 2138 4376 infantili:
2190 4314 2482 4375 sistebant
