3013 5114
547 418 879 474 JUCUNDA
921 419 1359 478 VERTUN'PUR
1400 423 1470 477 IN
1515 423 2240 487 CORRESPONDENTIA.
2378 440 2483 493 301

350 589 544 642 strato
595 596 630 637 a
677 578 969 650 Domino,
1024 583 1267 638 remotis
1321 583 1549 642 umbris
1601 600 1675 642 ex
1719 585 1835 645 fide
1883 593 1942 645 et
1990 604 2192 647 amore
2228 594 2479 649 natura-‘-

352 685 531 744 lium:
585 680 737 738 talia
787 686 961 748 sunt,
1012 687 1074 739 et
1122 681 1349 741 infinita
1401 685 1549 757 alia,
1608 684 1681 743 de
1723 686 1936 763 quibus
1984 688 2060 746 ab
2100 688 2221 748 illis
2269 693 2372 766 qui
2414 694 2478 751 in

357 784 543 845 Coelo
580 782 855 854 fuerunt,
913 780 1162 855 dicitur,
1220 783 1380 858 quod
1414 784 1672 844 viderint
1720 804 1874 862 quae
1924 806 2219 866 nusquam
2267 792 2477 850 oculus

353 886 539 953 vidit,
597 889 658 942 et
705 899 777 940 ex
813 884 1203 958 perceptione
1254 884 1605 944 Divinorum
1658 904 1728 945 ex
1782 888 1899 947 illis
1951 906 2158 949 secum
2208 908 2477 951 commu-

356 989 585 1056 nicata,
645 982 804 1059 quod
844 982 1210 1058 audiverint,
1277 1003 1431 1061 quae
1473 1003 1766 1063 nusquam
1819 992 1979 1049 auris
2034 991 2276 1050 audivit.
2360 993 2481 1070 Qui

352 1105 475 1147 non
521 1083 890 1143 clandestine
934 1091 1215 1160 egerunt,
1272 1087 1381 1145 sed
1418 1087 1736 1147 voluerunt
1770 1097 1835 1147 ut
1883 1094 2080 1150 omnia
2116 1110 2270 1169 quae
2308 1096 2475 1171 cogi-

352 1194 484 1248 tant
534 1185 734 1262 palam
786 1192 1017 1258 essent,
1093 1194 1377 1262 quantum
1426 1190 1551 1246 vita
1602 1190 1793 1248 civilis
1849 1194 2147 1267 permisit,
2200 1193 2288 1251 illi
2337 1197 2478 1271 quia

347 1307 467 1349 non
519 1289 637 1346 nisi
682 1303 857 1361 quam
906 1287 1202 1345 sincerum
1254 1296 1315 1347 et
1349 1290 1583 1366 justum
1637 1307 1709 1348 ex
1764 1292 1988 1353 Divino
2042 1296 2470 1370 cogitaverunt,

346 1393 410 1449 in
453 1387 624 1449 coelo
676 1386 880 1445 lucent
918 1387 1099 1462 facie,
1158 1397 1216 1447 et
1249 1392 1314 1448 in·
1362 1391 1515 1449 facie
1560 1408 1634 1449 ex
1672 1390 1808 1451 luce
1863 1392 1969 1451 illa
2015 1402 2311 1470 apparent
2347 1398 2474 1454 sin-

348 1490 528 1568 gulae
580 1487 924 1547 affectiones
978 1494 1038 1545 et
1083 1492 1476 1578 cogitationes
1531 1498 1711 1569 prout
1755 1495 1818 1551 in
1869 1495 2094 1569 forma,
2165 1501 2225 1553 et
2274 1496 2474 1572 quoad

344 1591 648 1668 loquelam
687 1595 747 1646 et
787 1590 1054 1647 actiones
1097 1598 1236 1648 sunt
1285 1595 1460 1667 quasi
1496 1609 1741 1651 suarum
1778 1593 2154 1653 affectionum
2204 1597 2471 1673 effigies3

351 1699 625 1752 amantur
658 1689 794 1749 inde
835 1707 982 1767 prae
1021 1690 1152 1750 aliis
1166 1711 1183 1766 3
1225 1709 1359 1750 cum
1395 1693 1751 1769 loquuntur,
1790 1695 2165 1756 obscurescit
2199 1697 2475 1774 aliquan-

349 1801 477 1854 tum
514 1793 728 1865 facies„
781 1791 890 1849 sed
924 1797 1062 1866 post
1099 1790 1404 1874 loquelam
1444 1793 1656 1852 eadem
1697 1812 1852 1869 quae
1889 1796 2125 1874 loquuti
2159 1806 2320 1868 sunt,
2356 1815 2469 1874 ap·-

345 1900 565 1974 parent
608 1892 784 1951 simul
820 1894 879 1949 in
908 1893 1060 1950 facie
1091 1891 1272 1968 plene
1300 1892 1377 1951 ad
1412 1896 1640 1952 visum:
1697 1897 1893 1953 omnia
1937 1899 2114 1955 etiam
2155 1916 2310 1973 quae
2352 1902 2470 1957 cir-

352 2012 486 2054 cum
523 1995 658 2054 illos
705 1995 991 2066 existunt,
1034 1995 1173 2067 quia
1215 1994 1685 2071 correspondent
1726 1997 2105 2055 interioribus
2136 2015 2373 2073 eorum,
2411 1999 2474 2057 in

344 2096 453 2155 tali
498 2096 853 2173 apparentia
900 2101 1072 2167 sunt,
1130 2101 1195 2152 ut
1248 2095 1324 2154 ab
1367 2096 1500 2154 aliis
1538 2098 1951 2173 percipiantur
1985 2097 2146 2156 clare
2186 2100 2328 2175 quid
2362 2116 2465 2157 re-

343 2202 738 2275 praesentant
797 2201 857 2253 et
913 2194 1277 2271 significant:
1345 2199 1622 2274 spiritus,
1703 2198 1919 2274 quibus
1967 2198 2295 2277 jucundum
2358 2201 2473 2258 suit

349 2298 724 2359 clandestine
765 2313 973 2372 agere,
1010 2297 1145 2356 illos
1185 2315 1216 2356 e
1257 2298 1582 2376 longinquo
1619 2298 1885 2375 fugiunt,
1930 2306 1990 2359 et
2026 2308 2320 2378 apparent
2356 2300 2471 2360 sibi

341 2416 557 2476 repere
598 2397 674 2457 ab
723 2397 841 2455 illis
890 2399 1043 2456 sicut
1095 2409 1429 2475 serpentes,
1522 2399 1640 2474 Qui
1687 2399 1984 2459 adulteria
2035 2418 2145 2476 pro
2193 2402 2464 2460 nefandis

343 2506 807 2578 reputaverunt,
865 2505 924 2557 et
962 2500 1020 2554 in
1067 2506 1233 2556 casto
1283 2516 1484 2559 amore
1524 2499 1783 2575 conjugii
1817 2501 2121 2573 vixerunt,
2177 2500 2262 2559 illi
2312 2518 2461 2577 prae

342 2602 588 2678 reliquis
610 2603 684 2659 1in
722 2601 927 2659 ordine
967 2604 1026 2658 et
1069 2600 1260 2657 forma
1308 2600 1460 2658 coeli
1505 2606 1678 2673 sunt,
1737 2606 1798 2657 et
1833 2599 1969 2659 inde
2020 2601 2079 2656 in
2117 2604 2274 2659 omni
2316 2601 2458 2677 pul-

344 2702 713 2771 chritudine,
782 2709 841 2760 et
886 2702 1162 2758 continue
1214 2703 1274 2757 in
1320 2701 1656 2777 juventutis
1706 2700 1879 2774 flore3
1926 2700 2198 2776 jucunda
2245 2703 2463 2760 amoris

338 2804 579 2864 illorum
618 2810 758 2861 sunt
791 2800 1147 2872 ineffabilia,
1209 2808 1268 2859 et
1305 2807 1583 2859 crescunt
1627 2802 1685 2858 in
1724 2806 2063 2877 aeternum3
2118 2818 2255 2861 nam
2288 2804 2349 2860 in
2384 2801 2462 2860 il-

338 2906 463 2965 lum
502 2922 766 2963 amorem
805 2904 1002 2962 omnia
1029 2902 1299 2978 jucunda
1335 2909 1394 2961 et
1434 2900 1655 2978 gaudia
1691 2900 1842 2960 coeli
1875 2901 2144 2976 influunt,
2185 2905 2327 2979 quia
2359 2900 2463 2962 ille

338 3023 506 3065 amor
553 3005 862 3064 descendit
913 3020 987 3061 ex
1034 3003 1449 3079 conjunctione
1499 3000 1742 3060 Domini
1790 3018 1924 3060 cum
1977 3002 2160 3062 Coe-lo
2215 3009 2274 3063 et
2327 3021 2460 3064 cum

338 3107 647 3175 Ecclesia,
710 3112 770 3164 et
818 3107 879 3163 in
926 3120 1148 3179 genere
1199 3121 1274 3163 ex
1324 3104 1742 3180 conjunctione
1793 3102 1933 3163 boni
1982 3110 2042 3162 et
2092 3106 2249 3180 veri,
2307 3121 2462 3182 quae

337 3208 678 3286 conjunctio
717 3213 809 3264 est
834 3208 1033 3281 ipsum
1064 3204 1297 3264 coelum
1328 3205 1386 3262 in
1418 3207 1733 3280 communi,
1774 3211 1834 3263 et
1870 3204 2033 3282 apud
2067 3223 2465 3281 unumquem-

333 3311 426 3367 vis
465 3307 743 3384 angelum
780 3309 840 3366 in
875 3304 1257 3383 particulari,
1316 3306 1595 3365 videatur
1640 3322 1829 3381 supra
1876 3323 1945 3363 n:
2004 3307 2142 3364 366
2175 3306 2250 3364 ad
2287 3307 2460 3365 386:

326 3409 604 3487 jucunda
641 3426 848 3467 eorum
893 3414 1170 3476 externa,
1223 3407 1370 3465 talia
1409 3413 1577 3479 sunt,
1639 3412 1861 3462 utnon
1911 3404 2168 3463 describi
2213 3404 2461 3463 vocibus

334 3509 611 3565 humanis
649 3511 897 3582 possint.
980 3507 1103 3566 Sed
1128 3508 1280 3565 haee
1316 3523 1516 3581 pauca
1551 3511 1722 3579 sunt,
1779 3521 1932 3579 quae
1971 3503 2043 3562 de
2082 3503 2460 3581 Correspon-

336 3606 552 3665 dentiis
600 3607 998 3683 jucundorum
1053 3606 1216 3682 apud
1264 3606 1402 3664 illos
1457 3607 1558 3680 qni
1610 3606 1671 3663 in
1722 3602 1986 3663 Coelesti
2046 3620 2247 3685 amore
2302 3611 2457 3682 sunt,

333 3707 497 3767 dicta
532 3711 689 3764 sunt.

489 3809 653 3867 490.
728 3806 819 3864 Ex
868 3805 962 3864 his
1011 3804 1169 3863 sciri'
1204 3809 1433 3881 potest,
1492 3805 1655 3882 quod
1691 3805 1963 3883 jucunda
2010 3807 2268 3865 omnium
2320 3814 2463 3884 post

328 3916 583 3970 mortem
633 3913 943 3968 vertantur
1006 3908 1065 3963 in
1129 3905 1691 3981 correspondentia‚
1754 3913 2031 3966 manente
2087 3924 2277 3983 usque
2324 3910 2461 3985 ipso

330 4028 536 4070 amore
565 4013 625 4069 in
655 4017 996 4083 aeternum,
1052 4013 1232 4084 prout
1268 4024 1437 4066 amor
1474 4007 1854 4085 conjugiali8‚
1897 4025 2066 4067 amor
2090 4010 2275 4086 justi,
2330 4010 2457 4068 sin-

328 4114 480 4185 ceri,
533 4111 702 4182 boni‚
761 4116 823 4169 et
857 4112 1011 4180 veri,
1059 4127 1227 4168 amor
1263 4109 1644 4167 scientiarum
1692 4115 1752 4169 et
1789 4112 2230 4186 cognitionum,
2287 4125 2456 4168 amor

327 4193 758 4287 intelligentiae
801 4216 861 4270 et
900 4214 1265 4288 sapientiae,
1327 4226 1397 4268 ac
1436 4209 1675 4287 reliqui,
1733 4209 1839 4268 illa
1891 4226 2045 4287 quae
2092 4208 2229 4267 inde
2264 4208 2458 4266 fluunt

328 4316 483 4372 sicut
532 4313 642 4370 rivi
696 4329 732 4369 a
782 4326 892 4370 suo
929 4313 1125 4385 fonte,
1184 4317 1322 4370 sunt
1359 4310 1661 4386 jucunda,
1731 4326 1887 4385 quae
1926 4324 2167 4384 quoque
2212 4323 2455 4382 perma-
