3013 5114
949 427 1043 480 DE
1097 426 1467 510 coNJUens
1510 427 1583 482 IN
1625 429 1882 483 como.
2388 444 2495 497 229

373 588 561 648 Amor
598 585 951 663 conjugialis
991 604 1027 645 a
1075 587 1332 646 Domino
1387 606 1497 666 per
1547 587 1791 648 Coelum
1831 590 2182 667 descendat,
2243 599 2302 652 et
2338 595 2498 670 quod

373 690 449 749 ab
498 687 602 747 illo
654 703 894 758 amore,
964 694 1104 746 uta
1154 695 1435 766 parente,
1503 689 1807 749 derivetur
1854 709 2023 749 amor
2063 699 2341 766 mutnus,
2397 699 2499 773 qui

373 797 468 851 est
503 789 937 848 firmamentum
992 788 1159 857 Coeli
1174 809 1189 866 3
1254 798 1313 849 et
1355 807 1429 849 ex
1466 808 1568 865 eo,
1610 791 1770 867 qnod
1804 791 2104 867 Adulteri,
2147 793 2284 852 dum
2323 797 2498 856 modo

374 892 795 969 approximant
843 890 918 948 ad
957 888 1291 949 Societates
1344 891 1672 966 coelestes,
1730 894 1989 951 sentiant
2025 896 2498 970 graveolentiam

377 1011 578 1065 suam,
636 995 695 1048 et
732 1007 797 1050 se
835 991 972 1049 inde
1018 993 1416 1069 praecipitent
1450 1009 1664 1051 versus
1701 993 2026 1070 infernum,
2083 995 2159 1054 ad
2197 999 2499 1057 minimum

374 1096 673 1171 potuisset
708 1095 892 1162 seire,
948 1092 1107 1168 quod
1152 1092 1379 1152 violare
1419 1092 1713 1170 Conjugia
1751 1097 1826 1153 sit
1875 1101 2081 1155 contra
2114 1095 2283 1174 leges
2320 1099 2495 1157 Divi-

376 1211 517 1266 naS,
583 1199 644 1252 et
684 1200 889 1252 contra
929 1195 1190 1252 omnium
1236 1194 1580 1270 Regnorum
1621 1195 1788 1272 leges
1836 1196 2075 1269 civiles,
2130 1202 2255 1256 tuni
2293 1206 2500 1258 contra

377 1297 703 1374 genuinum
754 1294 955 1352 lumen
1003 1297 1281 1368 rationiS,
1340 1297 1479 1371 quia
1530 1303 1736 1355 contra
1781 1296 2064 1357 Ordinem
2117 1304 2176 1357 et
2215 1299 2502 1358 Divinum

378 1405 435 1456 et
483 1396 841 1468 humanum,
908 1402 1151 1472 praeter
1203 1395 1409 1473 plura:
1480 1395 1591 1455 sed
1638 1397 2076 1474 respondebat,
2152 1400 2310 1475 quod
2355 1400 2503 1459 talia

377 1517 497 1558 non
550 1499 900 1574 cogitaverit
946 1498 1007 1554 in
1055 1499 1177 1555 vita
1242 1499 1542 1573 corporis3
1608 1497 1797 1558 voluit
1848 1501 2189 1558 ratiocinari
2231 1519 2372 1559 num
2418 1504 2508 1564 ita

380 1605 572 1669 esset,
626 1597 736 1657 sed
783 1598 1003 1657 dictum
1042 1605 1134 1658 est
1188 1600 1271 1670 ei,
1343 1598 1503 1674 quod
1546 1592 1767 1658 veritas
1820 1617 1939 1658 non
1985 1599 2260 1658 admittat
2309 1604 2498 1660 ratio-

381 1702 565 1774 cinia,
633 1700 1086 1776 patrocinantur
1136 1701 1293 1757 enim
1331 1699 1646 1776 jucnndiS‚
1704 1703 1788 1758 ita
1841 1700 2014 1760 malis
2071 1707 2129 1760 et
2174 1702 2372 1776 falsis,
2445 1709 2504 1760 et

382 1800 540 1878 quod
576 1803 830 1877 primum
871 1803 1135 1877 cogitare
1175 1799 1393 1858 debeat
1430 1799 1503 1857 de
1541 1799 1658 1858 illis
1711 1819 1864 1877 quae
1918 1801 2078 1860 dicta
2130 1808 2305 1872 sunt,
2340 1806 2501 1880 -quia

379 1920 558 1978 vera3
616 1907 721 1960 aut
775 1903 951 1959 etiam
1002 1919 1075 1960 ex
1129 1899 1231 1958 illo
1287 1902 1608 1976 principi0‚
1664 1901 1825 1978 quod
1878 1903 2248 1960 notissimum
2303 1908 2395 1960 est
2442 1905 2506 1961 in

382 2003 632 2074 mundo,
685 2002 845 2079 quod
893 2018 1064 2060 nemo
1117 1982 1289 2059 alteri
1328 2000 1529 2059 facere
1583 2001 1831 2076 debeat,
1887 2002 2047 2079 quod
2097 2020 2214 2079 non
2262 2003 2407 2061 velit
2442 2009 2508 2063 ut

380 2104 533 2162 alter
567 2105 749 2164 faciat
785 2103 930 2170 sibi;
989 2109 1046 2161 et
1084 2105 1172 2160 sic
1211 2104 1425 2178 siquis
1463 2104 1652 2178 ipsius
1691 2120 1970 2174 uxorem,
2022 2121 2200 2179 quam
2239 2105 2504 2162 amavis-

382 2210 507 2275 set,
562 2205 723 2282 quod
756 2204 822 2262 fit
856 2206 914 2261 in
951 2205 1245 2281 principio
1290 2205 1479 2262 omnis
1520 2205 1811 2281 conjugii,
1868 2205 1976 2263 tali
2012 2206 2186 2263 modo
2230 2206 2507 2280 decepis-

384 2313 508 2382 set,
568 2314 706 2366 tunc
745 2322 878 2364 cum
916 2308 977 2363 in
1013 2310 1171 2363 statu
1206 2304 1738 2364 excandescentiae
1776 2322 1960 2383 super
2001 2306 2058 2363 id
2100 2312 2291 2377 esset,
2343 2307 2396 2364 si
2435 2324 2509 2365 ex

380 2408 485 2467 illo
534 2414 697 2467 statu
738 2407 1116 2483 loqueretur,
1170 2423 1363 2464 annon
1403 2423 1640 2482 quoque
1676 2408 1807 2482 ipse
1848 2407 2141 2465 adulteria
2168 2406 2507 2466 detestatu-

385 2526 487 2569 rus
533 2511 783 2581 fuisset,
842 2513 899 2567 et
959 2515 1131 2578 tunc,
1189 2508 1330 2584 quia
1383 2508 1619 2582 ingenio
1678 2506 1900 2583 pollet,
1974 2524 2040 2567 se
2097 2507 2506 2566 confirmavis-

385 2618 481 2692 set
519 2612 656 2689 plus
697 2628 873 2686 quam
919 2610 1020 2668 alii
1071 2615 1276 2667 contra
1318 2608 1448 2679 illa,
1503 2624 1696 2683 usque
1732 2614 1800 2667 ut
1838 2608 2246 2667 damnavisset
2283 2608 2387 2666 illa
2433 2607 2511 2665 ad

384 2714 698 2772 infernum.

543 2816 705 2873 386.
784 2811 1109 2872 Ostensum
1159 2810 1300 2869 mihi
1353 2816 1474 2884 est,
1545 2810 1841 2885 quomodo
1895 2811 2359 2887 progrediuntur
2401 2810 2508 2886 Ju-

387 2916 579 2974 cunda
616 2915 831 2973 amoris
879 2911 1231 2988 conjugialis
1271 2911 1343 2968 ad
1380 2910 1660 2985 Coelum,
1721 2917 1780 2970 et
1807 2911 2078 2989 jucunda
2121 2910 2398 2969 adulterii
2435 2911 2512 2968 ad

387 3017 714 3076 infernum:
787 3016 1132 3090 progressio
1176 3012 1583 3089 jucundorum
1622 3014 1840 3071 amoris
1891 3012 2245 3091 conjugialis
2298 3029 2513 3073 versus

389 3118 625 3178 coelum
675 3122 804 3176 erat
850 3117 911 3174 in
946 3114 1353 3172 beatitudines
1393 3120 1453 3172 et
1486 3114 1805 3174 felicitates
1846 3115 2123 3173 continue
2158 3114 2363 3190 plures
2402 3130 2509 3171 us-

389 3238 507 3297 que
549 3218 626 3276 ad
664 3215 1135 3277 innumerabiles
1179 3221 1238 3273 et
1275 3214 1640 3287 ineffabileS,
1698 3221 1758 3274 et
1806 3232 1922 3291 quo
1957 3218 2205 3274 interius
2242 3216 2303 3271 in
2337 3216 2513 3272 innu-

388 3320 798 3380 merabiliores
839 3322 898 3376 et
936 3315 1396 3387 ineffabiliores,
1449 3333 1647 3392 usque
1691 3316 1768 3373 ad
1807 3318 1971 3391 ipsas
2009 3315 2162 3375 coeli
2188 3316 2377 3373 intimi
2403 3330 2515 3371 seu

391 3421 547 3481 coeli
581 3419 986 3489 innocentiae,
1030 3423 1089 3475 et
1122 3418 1236 3476 hoc
1272 3435 1382 3493 per
1424 3417 1820 3491 liberrimum,
1859 3433 2031 3475 omne
2071 3417 2224 3474 enim
2259 3413 2515 3473 liberum

392 3528 485 3582 est
535 3540 610 3581 ex
660 3537 891 3591 amore,
949 3521 1035 3577 ita
1083 3519 1452 3577 liberrimum
1504 3536 1578 3577 ex
1628 3534 1830 3576 amore
1878 3514 2230 3594 conjugiali,
2285 3516 2387 3589 qui
2423 3518 2518 3573 est

390 3625 524 3699 ipse
574 3639 740 3678 amor
790 3619 1087 3678 coelestis
1191 3620 1548 3696 Progressio
1596 3624 1798 3676 autem
1847 3616 2146 3691 Adulterii
2190 3621 2320 3675 erat
2371 3632 2512 3674 ver-

390 3740 498 3783 sus
560 3721 882 3795 infernum,
979 3726 1039 3779 et
1107 3737 1220 3798 per
1279 3720 1501 3797 gradus
1560 3720 1638 3777 ad
1690 3717 1983 3787 infimum,
2056 3716 2159 3776 ubi
2205 3716 2350 3777 nihil
2400 3717 2516 3775 nisi

392 3842 573 3902 quam
624 3822 819 3881 dirum
869 3828 929 3881 et
974 3820 1362 3880 horrendum:
1417 3819 1554 3879 talis
1601 3836 1731 3879 sors
1781 3825 1980 3877 manet
2024 3817 2327 3879 adulteros
2377 3824 2519 3894 post

391 3928 575 3984 vitam
641 3942 845 3983 eorum
894 3925 955 3982 in
1022 3922 1259 3981 mund0.
1362 3923 1480 3981 Per
1541 3921 1845 3980 adulteros
1904 3920 2351 4008 intelliguntur,
2417 3920 2519 3995 qui

384 4026 714 4103 jucundum
760 4027 822 4085 in
866 4023 1208 4098 adulteriis,
1269 4030 1326 4083 ct
1376 4041 1493 4084 non
1539 4022 1872 4101 jucundum
1927 4025 1986 4081 in
2041 4022 2329 4101 conjugiis
2374 4037 2516 4096 per-

396 4127 636 4203 cipiunt.
