3013 5114
771 407 1145 463 COLLECTA
1188 409 1285 462 EX
1328 413 1410 482 A..
1434 412 1490 464 C.
1524 411 1618 465 DE
1655 410 2014 467 SOIENTIIS.
2357 425 2466 478 ‘205

337 572 524 648 plana
558 567 722 632 illius
775 568 958 644 lucis,
1013 571 1075 628 in
1114 567 1330 646 quibus
1366 571 1808 648 variegationes
1856 574 2012 632 sicut
2047 572 2308 632 colorum
2356 593 2468 636 ex-

338 675 547 745 istunt,
587 676 729 730 sunt
757 673 1042 729 interiora
1082 673 1332 740 mentm,
1371 678 1432 730 et
1467 672 1948 732 confirmationes
1988 676 2305 733 veritatum
2351 677 2467 736 Di-

336 775 613 831 vinarum
648 789 760 847 per
810 771 960 829 talia
1004 789 1159 847 quae
1196 775 1255 829 in
1292 780 1512 831 natura
1546 777 1713 844 sunt,
1766 775 1851 832 ita
1890 792 2045 858 quae
2081 777 2141 833 in
2177 779 2465 853 scientiis,

335 873 680 952 producunt
715 875 1154 949 variegationes
1190 872 1326 931 illas
1357 869 1476 954 (b)3
1539 891 1707 934 mens
1747 878 1900 933 enim
1926 876 2173 934 interior
2212 876 2468 937 hominis

335 977 606 1034 intuetur
653 976 713 1031 in
764 989 862 1032 res
917 975 1238 1032 memoriae
1280 974 1603 1049 naturalis,
1672 983 1732 1034 et
1778 976 1884 1034 illa
1918 993 2071 1052 quae
2118 976 2201 1033 ibi
2247 977 2464 1037 confir-

338 1080 523 1149 mant,
563 1092 671 1152 per
704 1076 902 1150 ignem
943 1075 1162 1133 amoris
1196 1075 1476 1134 coelestis
1517 1080 1687 1152 quasi
1725 1076 2026 1150 sublimat,
2072 1082 2132 1133 et
2166 1077 2463 1156 subducit,

341 1193 414 1235 ac
457 1175 964 1252 purificatusque
1000 1176 1058 1232 in
1113 1174 1281 1233 ideas
1334 1177 1678 1251 spirituales
1694 1199 1709 1253 3
1766 1177 1926 1253 quod
1970 1180 2055 1235 ita
2100 1176 2233 1252 fiat,
2288 1178 2466 1240 homo

337 1279 531 1336 nescit
567 1275 851 1353 quamdiu
888 1279 949 1333 in
998 1293 1248 1352 corpore
1296 1278 1478 1348 vivit,
1541 1275 1821 1360 'quoniam
1861 1278 1942 1337 ibi
1981 1284 2040 1336 et
2075 1280 2469 1354 spiritualiter

342 1384 406 1439 et
447 1377 802 1444 naturaliter
855 1377 1112 1453 cogitat,
1181 1383 1242 1436 at
1274 1377 1378 1435 illa
1416 1395 1570 1453 quae
1623 1385 1762 1437 tunc
1798 1378 2193 1456 spiritualiter
2225 1383 2466 1457 cogitat,

339 1497 460 1540 non
504 1479 872 1556 appercipit‚
929 1477 1037 1536 sed
1074 1477 1248 1536 modo
1284 1478 1420 1552 illa,
1461 1497 1617 1556 quae
1655 1480 2008 1538 naturaliter
2021 1499 2037 1556 3
2092 1497 2301 1539 verum
2330 1498 2466 1541 cum

341 1583 409 1640 in
441 1579 726 1638 mundum
764 1579 1133 1656 spiritualem
1177 1582 1365 1653 venit,
1423 1587 1564 1640 tunc
1609 1598 1724 1639 non
1781 1582 2119 1658 appercipit
2160 1599 2314 1657 quae
2349 1600 2461 1641 na·-

343 1680 619 1739 turaliter
651 1682 715 1737 in
766 1679 985 1738 mundo
1031 1681 1343 1755 cogitavit,
1396 1681 1508 1739 sed
1543 1699 1696 1757 quae
1733 1681 2151 1759 spiritualiter3
2205 1684 2291 1740 ita
2325 1701 2462 1742 mu-

341 1787 505 1839 tatur
552 1786 777 1840 status:
852 1798 925 1840 ex
976 1780 1069 1840 his
1126 1786 1331 1857 patet,
1390 1782 1551 1858 quod
1596 1782 1772 1840 homo
1822 1800 1933 1858 per
1988 1785 2355 1858 cognitiones
2404 1790 2466 1843 et

339 1884 624 1942 scientias
678 1881 1005 1958 spiritualis
1060 1880 1194 1956 fiat,
1270 1887 1330 1939 et
1376 1882 1533 1957 quod
1582 1882 1720 1941 illae
1769 1883 1887 1940 sint
1930 1882 2126 1940 media
2173 1884 2466 1959 sapiendi,

340 1983 449 2043 sed
496 1984 673 2042 modo
730 1983 848 2041 illis
898 1986 998 2058 qui
1046 1982 1161 2041 fide
1218 1988 1277 2041 et
1322 1985 1447 2040 vita
1496 1989 1867 2059 agnoverunt
1919 1982 2218 2041 Divinum.
2315 1982 2468 2043 Sunt

337 2087 516 2144 etiam
571 2084 660 2142 illi
697 2085 757 2141 in
801 2084 971 2143 coelo
1007 2099 1153 2159 prae
1193 2082 1325 2141 aliis
1366 2085 1628 2161 accepti,
1664 2090 1738 2142 et
1774 2083 1854 2141 ibi
1888 2086 2042 2142 inter
2084 2083 2224 2142 illos
2264 2087 2367 2162 qui
2400 2087 2463 2143 in

335 2186 530 2245 medio
568 2192 736 2258 sunt,
780 2203 848 2242 n:
908 2186 1034 2258 43,
1088 2184 1228 2260 quia
1262 2185 1323 2241 in
1362 2184 1499 2244 luce
1542 2202 1691 2261 prae
1743 2184 2026 2260 reliquis3
2081 2183 2144 2243 hi
2187 2197 2327 2244 sunt
2361 2187 2459 2243 in-

332 2286 675 2363 telligentes
714 2291 773 2345 et
802 2288 1106 2362 sapientes
1144 2287 1205 2342 in
1258 2283 1460 2360 Coe10,
1515 2288 1618 2362 qui
1669 2286 1988 2362 splendent
2036 2286 2193 2344 sicut
2246 2285 2454 2362 splen-

333 2387 476 2448 dore
514 2387 797 2464 expansi,
865 2392 925 2445 et
974 2388 1074 2463 qui
1122 2385 1326 2443 lucent
1378 2389 1532 2446 sicut
1577 2387 1827 2462 stellae3
1901 2386 2203 2462 simplices
2254 2393 2459 2446 autem

330 2489 414 2548 ibi
451 2495 622 2562 sunt,
681 2489 784 2565 qui
834 2493 1209 2564 agnoverunt
1251 2486 1568 2563 Divinum,
1635 2491 1985 2545 amaverunt
2037 2483 2330 2562 Verbum,
2387 2504 2458 2546 ac

335 2589 706 2667 spiritualem
744 2589 1028 2649 moralem
1074 2591 1258 2646 vitam
1296 2590 1602 2657 vixerunt,
1657 2587 1767 2647 sed
1813 2588 2100 2646 interiora
2152 2603 2265 2646 sua
2301 2604 2458 2663 quae

340 2697 478 2749 sunt
511 2692 761 2765 mentiti,
833 2707 949 2748 non
1001 2691 1087 2747 ita
1137 2705 1248 2765 per
1294 2691 1665 2766 cognitiones
1714 2694 1775 2747 et
1818 2688 2103 2747 scientias
2163 2687 2449 2747 excolue-

337 2797 505 2849 runt:
561 2790 733 2849 Mens
772 2791 1036 2851 humana
1083 2795 1179 2850 est
1230 2768 1386 2849 sicut
1432 2788 1683 2866 humus,
1757 2806 1914 2866 quae
1963 2786 2100 2847 talis
2153 2794 2247 2848 est
2302 2789 2458 2850 sicut

336 2891 645 2951 excolitur.

488 3161 581 3228 (b)
626 3160 797 3239 Quod
832 3160 1064 3214 colores
1091 3162 1472 3232 pulcherrimi
1504 3173 1821 3235 appareant
1846 3162 1906 3215 in
1941 3162 2144 3227 Coelo,
2188 3179 2243 3215 n:
2288 3170 2455 3224 1053.

333 3245 503 3299 1624.
589 3236 755 3303 Quod
806 3237 1038 3290 colores
1093 3238 1153 3290 in
1206 3239 1374 3291 coelo
1430 3239 1546 3293 sint
1585 3256 1653 3293 ex
1694 3240 1823 3294 luce
1865 3239 1980 3304 ibi,
2043 3248 2102 3292 et
2143 3237 2300 3310 quod
2342 3240 2457 3292 sint

331 3313 457 3381 ejus
510 3313 974 3367 modificationes
1038 3330 1140 3365 seu
1195 3314 1651 3387 variegationeS‚
1715 3334 1780 3367 nt
1848 3322 2017 3375 1042.
2066 3322 2234 3374 1043.
2283 3321 2452 3374 1053.

331 3398 500 3451 1624·
546 3398 711 3450 3993-
751 3397 918 3451 4530·
969 3396 1139 3449 4922.
1182 3397 1351 3452 4742.
1434 3392 1513 3445 ita
1556 3390 1714 3464 quod
1756 3391 1869 3444 sint
1910 3390 2282 3460 apparentiae
2325 3389 2453 3442 veri

331 3483 401 3518 ex
441 3466 622 3527 bono,
667 3483 732 3519 ac
776 3466 1100 3538 significent
1133 3467 1267 3521 talia
1310 3484 1460 3539 quae
1501 3477 1635 3521 sunt
1676 3466 2094 3538 intelligentiae
2134 3474 2193 3518 et
2231 3464 2454 3535 sapien·

334 3541 470 3604 tiae,
513 3559 578 3592 n:
624 3548 791 3633 4530.
829 3549 996 3603 4922.
1026 3550 1195 3603 4677.
1232 3551 1401 3604 9466·

540 3775 819 3842 Oollecta
864 3798 947 3842 ex
998 3782 1274 3842 Annuus
1330 3781 1749 3842 Comi-„smnus
1802 3780 1882 3841 de
1926 3777 2246 3843 Scientiz‘s.

481 3948 645 4015 Quod
677 3952 853 4004 homo
880 3950 1227 4004 imbuendus
1261 3951 1336 4004 sit
1370 3950 1631 4005 scientiis
1670 3960 1727 4004 et
1766 3951 2224 4023 cognitionibus,
2269 3965 2475 4026 quom·

332 4025 446 4077 iam
492 4043 596 4096 per
638 4027 764 4080 illas
805 4027 978 4081 discit
1028 4028 1318 4099 cogitare,
1384 4027 1521 4081 dein
1563 4027 1904 4100 ,intelligere
1959 4028 2101 4100 quid
2151 4048 2355 4084 verum
2397 4041 2456 4085 et

329 4099 569 4166 bonum,
612 4112 669 4156 et
692 4102 922 4156 tandem
954 4120 1177 4175 sapere,
1220 4121 1277 4155 nx
1321 4112 1451 4165 129.
1485 4111 1651 4176 1450,
1682 4112 1848 4166 1451·
1879 4111 2046 4167 1453.
2085 4113 2451 4168 1548.1802·

330 4175 502 4254 Quod
543 4178 854 4232 scientifica
904 4180 1018 4233 sint
1056 4179 1277 4250 prima,
1333 4197 1512 4253 super
1550 4180 1763 4253 quibus
1799 4182 2044 4234 struitur
2084 4193 2140 4235 et
2177 4182 2455 4236 fundatur

257 4316 269 4323 ⁶
327 4253 580 4306 hominis
623 4257 770 4321 vita,
827 4265 941 4309 tam
976 4255 1169 4308 civilis
1211 4264 1268 4309 et
1303 4257 1546 4309 moralis
1581 4274 1753 4328 quam
1799 4256 2153 4328 spiritualis,
2196 4269 2255 4311 et
2294 4256 2453 4329 quod

324 4328 622 4384 discantur
652 4341 899 4403 propter
938 4348 1103 4385 usum
1144 4331 1432 4396 utfinem‚
1476 4351 1543 4384 nx
1589 4340 1754 4393 1489.
1794 4340 1962 4392 3310.
2050 4330 2215 4397 Quod
2256 4332 2452 4404 cogni·
