3013 5114
404 392 1113 450 CORRESPONDENTIA
1155 393 1376 448 GOELI
1416 391 1566 449 CUM
1606 373 1932 448 OMNIBUS
1968 390 2332 447 TELLURIS.
2416 404 2483 452 57

350 554 680 630 rationale3
738 552 916 612 aliter
966 552 1174 627 homo,
1247 555 1348 629 qui
1390 570 1465 612 ex
1505 553 1806 630 spirituali
1852 552 2070 611 mundo
2122 554 2375 629 cogitat,
2430 555 2482 613 is

353 658 498 732 quia
554 654 617 713 id
676 653 840 730 apud
893 670 960 712 se
1015 655 1311 729 pervertit
1355 671 1467 730 per
1515 656 1700 712 vitam
1757 659 1964 712 contra
2022 653 2324 726 ordinem,
2386 656 2484 712 cui

350 757 505 816 favit
552 753 876 828 rationale,
943 754 1079 812 ideo
1130 756 1183 813 is
1246 771 1366 813 non
1425 760 1633 831 potest
1681 753 1854 813 aliter
1907 771 2085 830 quam
2133 756 2194 812 in
2256 771 2484 814 meram

352 857 761 934 ignorantiam
796 855 990 929 nasci,
1032 861 1092 913 et
1129 854 1266 914 dein
1301 872 1413 932 per
1446 854 1646 914 media
1677 852 1899 914 Divina
1924 857 1985 914 in
2021 854 2284 914 ordinem
2316 854 2485 914 Coeli

349 957 579 1016 reduci

482 1058 719 1127 7109„
762 1054 1076 1130 Quomodo
1122 1054 1230 1113 illa
1284 1073 1438 1132 quae
1486 1055 1557 1115 in
1609 1051 1959 1136 Veqetabilz'
2000 1055 2226 1135 Reyno
2276 1072 2481 1115 corre-

351 1157 684 1247 spondent,
745 1162 1023 1214 constare
1059 1162 1262 1231 potest
1298 1174 1334 1214 a
1366 1156 1608 1225 multis,
1659 1162 1727 1214 ut
1764 1156 1923 1232 quod
1960 1156 2256 1215 seminula
2281 1158 2343 1214 in
2378 1174 2477 1215 ar-

350 1258 534 1318 bores
583 1264 891 1327 crescant,
958 1254 1102 1314 folia
1153 1255 1505 1328 excludant,
1578 1256 1757 1315 flores
1811 1256 2177 1333 producant,
2237 1262 2297 1315 et
2344 1255 2481 1314 dein

352 1359 619 1429 fructuS,
656 1360 717 1417 in
757 1355 975 1433 quibus
1011 1358 1228 1416 iterum
1263 1360 1494 1417 semina
1527 1364 1785 1433 ponunt,
1840 1364 1901 1416 et
1937 1357 2096 1434 quod
2146 1356 2296 1415 haec
2335 1355 2481 1414 fiant

350 1459 701 1518 successive
741 1464 802 1517 et
839 1459 1103 1515 existant
1138 1458 1317 1517 simul
1350 1459 1413 1517 in
1446 1464 1569 1516 tam
1598 1457 1944 1516 admirando
1982 1457 2218 1532 ordine,
2259 1464 2326 1514 ut
2360 1473 2478 1514 non

348 1561 550 1636 possit
582 1560 798 1634 paucis
837 1557 1124 1629 describi,
1179 1557 1484 1616 volumina
1520 1558 1720 1631 erunt,
1786 1563 1849 1616 et
1896 1564 2098 1617 tamen
2153 1574 2346 1633 usque
2381 1559 2478 1615 in-

348 1662 578 1719 teriora
615 1675 865 1733 arcana,
923 1675 1080 1733 quae
1122 1658 1330 1717 usibus
1380 1659 1621 1717 illorum
1663 1660 1948 1734 propiora
1988 1664 2156 1731 sunt,
2210 1674 2329 1716 non
2367 1675 2475 1717 ex-

349 1761 579 1845 hauriri
615 1761 870 1818 scientia
914 1764 1190 1834 possunt.
1280 1757 1577 1834 Quoniam
1626 1758 1733 1818 illa
1774 1775 2014 1835 quoque
2062 1776 2136 1818 ex
2181 1757 2480 1836 spirituali

349 1859 573 1919 mundo
611 1865 752 1918 sunt
788 1877 900 1918 seu
939 1858 1155 1932 Coelo,
1208 1860 1370 1935 quod
1403 1861 1465 1916 in
1499 1860 1693 1917 forma
1726 1859 1980 1918 hominis
2019 1866 2146 1927 est,
2193 1866 2260 1916 ut
2293 1874 2480 1933 supra

348 1963 412 2019 in
466 1977 574 2018 suo
624 1960 899 2019 Articulo
963 1965 1275 2017 ostensum
1343 1967 1464 2033 est,
1534 1959 1671 2017 inde
1726 1959 1903 2016 etiam
1969 1957 2206 2034 singula
2255 1960 2316 2015 in
2372 1955 2477 2014 illo

348 2061 595 2137 RegnO,
633 2060 931 2137 quandam
967 2058 1322 2118 relationem
1348 2059 1573 2119 habent
1610 2059 1687 2117 ad
1715 2057 1859 2115 talia
1895 2074 2049 2133 quae
2084 2057 2249 2134 apud
2280 2056 2477 2114 homi-

348 2181 523 2239 nem3
596 2161 755 2237 quod
799 2163 977 2220 etiam
1045 2159 1402 2235 quibusdam
1459 2163 1521 2219 in
1586 2158 1747 2219 Orbe
1798 2158 2031 2217 erudito
2097 2164 2303 2217 notum
2369 2163 2479 2216 est.

351 2263 533 2338 Quod
568 2264 767 2320 omnia
806 2277 961 2336 quae
1010 2262 1070 2318 in
1118 2261 1220 2319 illo
1257 2260 1466 2338 Regno
1518 2263 1698 2319 etiam
1736 2259 2301 2336 correspondentiae
2339 2261 2477 2327 sint,

346 2367 547 2441 patuit
587 2363 735 2423 mihi
776 2380 851 2421 ex
892 2361 1081 2419 multa
1118 2363 1526 2437 experientia3
1582 2364 1828 2438 saepius
1867 2363 2023 2418 enim
2060 2377 2195 2419 cum
2222 2361 2282 2418 in
2311 2359 2474 2417 Hor-

347 2467 429 2523 tis
466 2464 584 2536 sui,
643 2469 703 2524 et
750 2463 833 2521 ibi
883 2464 1122 2538 inspexi
1159 2462 1433 2536 arbores,
1491 2462 1753 2534 fructus,
1816 2461 2003 2518 flores
2046 2466 2106 2518 et
2155 2458 2476 2533 legumina,

348 2564 920 2641 correspondentias
983 2563 1381 2639 animadverti
1438 2564 1500 2619 in
1567 2560 1790 2629 Coelo,
1884 2566 1944 2617 et
2002 2557 2283 2634 loquutus
2346 2574 2481 2615 sum

348 2683 488 2725 cum
523 2664 642 2724 illis
686 2664 848 2741 apud
894 2679 1046 2741 quos
1095 2668 1298 2731 erant,
1352 2668 1412 2720 et
1445 2664 1774 2719 instructus
1826 2659 2125 2717 undenam
2163 2663 2361 2732 erant,
2419 2662 2480 2714 et

350 2766 561 2843 quales
594 2770 780 2824 erant.

510 2888 672 2945 110.
732 2883 855 2943 Sed
890 2885 1045 2943 scire
1084 2881 1424 2960 spiritualia
1461 2898 1616 2959 quae
1652 2883 1712 2939 in
1752 2879 1966 2966 Coelo,
2023 2878 2240 2956 quibus
2296 2883 2478 2936 natu-

346 2985 500 3044 ralia
535 3003 693 3061 quae
744 2986 804 3042 in
841 2983 1060 3043 mundo
1100 2982 1599 3059 correspondent,
1656 2980 1858 3040 nullus
1902 2980 2080 3040 hodie
2123 2984 2326 3056 petest
2361 2980 2478 3038 nisi

348 3104 383 3145 e
424 3086 637 3161 Coe10,
696 3086 978 3161 quoniam
1028 3082 1293 3142 Scientia
1343 3082 2008 3159 correspondentiarum
2057 3079 2235 3139 hodie
2285 3079 2472 3154 plane

347 3185 667 3264 deperdita
703 3191 828 3245 est:
868 3184 1065 3260 qualis
1095 3191 1297 3241 autem
1329 3182 1863 3259 correspondentia
1897 3180 2300 3258 spiritualium
2337 3197 2476 3238 cum

344 3286 722 3346 naturalibus
761 3291 884 3359 est,
950 3284 1128 3343 velim
1152 3319 1155 3322 π
1183 3300 1296 3360 per
1342 3283 1545 3359 aliqua
1595 3282 1874 3358 exempla
1907 3281 2231 3340 illustrare.
2320 3278 2472 3337 Ani·-

344 3389 573 3445 mantia
625 3395 823 3445 terrae
882 3387 945 3443 in
997 3402 1218 3459 genere
1284 3382 1755 3459 correspondent
1810 3380 2221 3441 affectionibus
2280 3378 2474 3451 bonis,

342 3490 517 3546 mitia
572 3492 633 3545 et
683 3485 853 3545 utilia
887 3484 1301 3544 affectionibus
1356 3483 1561 3556 bonis,
1617 3484 1867 3541 immitia
1921 3487 1982 3539 et
2026 3478 2261 3537 inutilia
2319 3477 2468 3537 affe-

344 3586 646 3647 ctionibus
692 3585 898 3645 malis:
974 3587 1036 3643 in
1087 3586 1294 3662 specie
1347 3583 1537 3642 boves
1596 3590 1657 3641 et
1689 3582 1941 3658 ,juvenci
2004 3578 2477 3655 correspondent

343 3686 761 3747 affectionibus
798 3686 1016 3744 mentis
1049 3684 1372 3758 naturalis3
1411 3699 1561 3743 oves
1599 3687 1659 3740 et
1686 3683 1824 3757 agni
1851 3678 2265 3748 affectionibus
2301 3696 2472 3738 men-

340 3790 419 3846 tis
473 3786 839 3864 spiritualis3
894 3783 1164 3843 volatilia
1210 3790 1414 3842 autem
1465 3780 1796 3841 secundum
1848 3782 2087 3857 species
2142 3796 2283 3838 suas
2336 3796 2472 3838 cor-

340 3886 715 3964 respondent
786 3883 1299 3945 intellectualibus
1357 3884 1671 3958 utriusque
1733 3883 1948 3941 mentis
2005 3877 2103 3962 (1);
2168 3881 2305 3939 inde
2369 3885 2479 3949 est,

394 4122 399 4128 ’
506 4142 579 4207 (l)
625 4140 795 4207 Quod
835 4140 1106 4195 animalia
1164 4158 1231 4195 ex
1285 4132 1811 4212 con-respondentia
1855 4132 2189 4204 significent·
2220 4135 2479 4190 affectio-

346 4236 485 4281 nes,
548 4217 821 4271 animalia
873 4218 1036 4271 mitia
1091 4226 1148 4270 et
1208 4216 1373 4271 utilia
1426 4216 1769 4270 affectiones
1819 4207 2038 4277 bonas,
2123 4212 2364 4266 immitia
2420 4219 2479 4263 et

344 4294 576 4349 inutilia
633 4292 974 4348 affectiones
1015 4293 1231 4359 malasqf
1277 4309 1348 4345 n:
1393 4300 1483 4353 41.
1523 4300 1617 4355 46.
1658 4292 1791 4353 142.
1830 4290 1960 4346 143.
2004 4297 2132 4351 246.
2173 4295 2304 4349 714.
2343 4293 2474 4346 716.

422 4565 451 4590 ο
542 4575 567 4598 .,
666 4573 697 4604 .

450 4615 491 4662 θ’
