3013 5114
555 422 626 472 80
1084 434 1087 436 >
1166 407 1259 461 DE
1301 406 1536 462 COELO
1578 405 1672 459 ET
1712 404 2060 459 INFERNO:

553 588 705 631 unus
739 570 856 628 alio
893 574 1243 635 convertere
1279 567 1495 627 faciem
1538 574 1598 626 et
1644 582 1865 642 corpus
1918 581 2098 641 quam
2134 562 2322 638 alter,
2378 569 2438 622 et
2473 579 2667 640 usque

551 688 755 731 omnes
795 669 997 729 vident
1032 669 1356 726 Dominum
1392 674 1531 726 ante
1568 683 1671 740 se,
1720 673 1781 726 et
1814 667 2234 741 unusquisque
2272 664 2350 722 ad
2396 663 2671 724 dextrum

553 789 727 831 suum
763 768 948 828 habet
977 768 1317 843 meridiem,
1361 768 1439 826 ad
1468 770 1776 826 sinistrum
1816 768 2307 843 septentrionem,
2343 771 2402 823 et
2430 782 2465 822 a
2496 771 2670 840 tergo

554 873 942 932 occidentem.
1012 869 1179 927 Inter
1225 868 1521 927 mirabilia
1563 869 1742 927 etiam
1797 873 1915 942 est,
1972 866 2135 948 quod
2181 867 2423 924 tametsi
2481 867 2672 924 omnis

554 979 838 1049 aspectus
866 969 1233 1046 Angelorum
1270 977 1364 1028 est
1397 969 1476 1026 ad
1512 971 1829 1040 orientem,
1869 983 2061 1043 usque
2098 973 2302 1024 tamen
2335 964 2454 1025 illis
2487 981 2673 1041 aspe-

555 1080 686 1132 ctus
728 1074 908 1129 etiam
948 1073 1024 1128 sit
1061 1070 1137 1128 ad
1173 1077 1295 1128 tres
1335 1069 1600 1145 reliquas
1641 1068 1890 1145 plagas3
1944 1066 2054 1127 sed
2092 1066 2172 1124 ad
2205 1066 2317 1124 has
2362 1072 2455 1125 est
2485 1081 2669 1143 aspe-

556 1181 687 1233 ctus
726 1190 801 1230 ex
835 1173 969 1229 visu
998 1187 1201 1229 eorum
1237 1172 1535 1240 interiori,
1573 1172 1675 1246 qui
1712 1175 1804 1227 est
1840 1169 2237 1244 cogitationis,
2293 1167 2488 1226 Etiam
2517 1169 2673 1225 inter

559 1272 854 1332 mirabilia
897 1277 1016 1343 est,
1086 1271 1246 1347 quod
1288 1288 1583 1345 nusquam
1636 1269 1817 1328 liceat
1867 1268 2047 1327 alicui
2088 1270 2151 1326 in
2202 1266 2385 1327 Coelo
2436 1274 2599 1326 stare
2636 1284 2675 1325 a

557 1381 728 1450 tergo
779 1373 1057 1445 alteriuS,
1116 1378 1176 1430 et
1215 1377 1494 1448 spectare
1534 1370 1611 1428 ad
1647 1371 1991 1445 occipitium
2029 1369 2179 1445 ejus,
2240 1374 2300 1427 et
2335 1367 2495 1445 quod
2531 1373 2673 1427 tunc

560 1473 834 1533 turbetur
868 1472 1127 1530 influxus
1166 1471 1307 1529 boni
1343 1477 1401 1530 et
1437 1472 1565 1529 veri
1605 1472 1709 1547 qui
1748 1486 1786 1529 a
1823 1470 2098 1528 Domino.

719 1572 878 1632 145.
952 1564 1167 1648 Angeli
1214 1572 1386 1630 aliter
1420 1572 1626 1630 vident
1659 1571 2011 1646 Dominum,
2070 1576 2129 1629 et
2163 1570 2460 1630 Dominus
2497 1568 2673 1629 aliter

556 1673 720 1733 videt
770 1671 1065 1749 Angelos3
1119 1673 1338 1748 Angeli
1378 1673 1585 1731 vident
1626 1672 1948 1730 Dominum
2000 1690 2111 1749 per
2163 1671 2402 1745 oculos,
2456 1669 2670 1728 Domi-

556 1792 670 1833 nus
722 1780 922 1832 autem
971 1773 1138 1832 videt
1184 1773 1450 1849 Angelos
1502 1775 1564 1831 in
1617 1774 1810 1831 fronte
1826 1793 1842 1848 3
1900 1789 2086 1831 causa
2140 1771 2300 1848 quod
2347 1773 2409 1829 in
2457 1770 2670 1846 fronte,

559 1882 654 1935 est
691 1876 830 1951 quia
865 1874 1028 1932 frons
1070 1874 1501 1950 correspondet
1542 1876 1765 1944 amori,
1827 1881 1888 1932 et
1933 1875 2227 1932 Dominus
2263 1890 2375 1949 per
2410 1889 2676 1931 amorem

558 1977 749 2034 influit
783 1977 844 2033 in
878 1975 1250 2033 voluntatem
1285 1976 1550 2050 illerum,
1620 1981 1679 2034 et
1724 1975 1867 2034 sacit
1922 1991 1988 2033 se
2035 1973 2226 2033 videri
2271 1991 2383 2050 per
2431 1972 2671 2033 intelle-

560 2084 751 2146 ctum,
798 2078 895 2134 cui
931 2075 1401 2150 correspondent
1437 2075 1595 2134 oculi
1630 2072 1812 2156 (aaa).

717 2177 877 2233 146.
935 2174 1057 2234 Sed
1093 2175 1370 2233 differunt
1402 2176 1629 2251 Plagae
1668 2178 1727 2233 in
1766 2175 1965 2235 Coelis
2005 2178 2107 2251 qui
2142 2177 2508 2235 constituunt
2542 2175 2668 2236 Re-

557 2293 740 2351 gnum
789 2274 1052 2332 coeleste
1103 2275 1376 2349 Domini,
1448 2292 1485 2332 a
1522 2275 1726 2352 Plagis
1780 2279 1842 2334 in
1898 2276 2099 2335 Coelis
2152 2278 2251 2350 qui
2307 2278 2678 2334 constituunt

555 2376 833 2451 Regnum
874 2375 1187 2451 spirituale
1236 2376 1436 2452 Ipsius
1452 2422 1468 2452 ,
1528 2393 1602 2435 ex
1653 2393 1840 2436 causa
1884 2378 2025 2452 quia
2076 2376 2370 2434 Dominus
2417 2382 2677 2453 apparet

558 2476 807 2552 Angelis
856 2477 957 2551 qui
1006 2477 1065 2533 in
1114 2476 1322 2553 Regno
1374 2476 1577 2555 Ipsius
1628 2478 1878 2537 coelesti
1914 2483 2052 2535 sunt
2100 2483 2167 2534 ut
2212 2475 2348 2551 Sol,
2421 2476 2674 2552 Angelis

560 2585 764 2637 autem
804 2580 905 2654 qui
939 2580 1001 2636 in
1047 2578 1258 2656 Regno
1295 2579 1493 2656 Ipsius
1533 2580 1830 2656 spirituali
1865 2585 1932 2637 ut
1966 2579 2175 2654 Luna3
2232 2585 2293 2636 et
2330 2577 2544 2638 Oriens
2584 2585 2681 2637 est

560 2679 663 2737 ubi
715 2680 1009 2738 Dominus
1061 2688 1345 2756 apparet:
1419 2682 1701 2739 distantia
1748 2682 1903 2738 inter
1956 2678 2159 2738 Solem
2203 2685 2263 2737 et
2309 2679 2543 2737 Lunam
2592 2678 2681 2737 ibi

561 2786 656 2839 est
691 2782 932 2856 triginta
970 2780 1292 2855 graduum,
1348 2781 1484 2838 inde
1524 2781 1733 2838 similis
1773 2788 1866 2839 est
1902 2780 2245 2856 Plagarum.
2304 2779 2480 2855 Quod
2515 2777 2673 2838 Coe-

559 2880 682 2937 lum
736 2879 1078 2937 distinctum
1130 2882 1208 2938 sit
1250 2882 1311 2936 in
1374 2880 1490 2938 duo
1552 2880 1791 2956 Regna,
1861 2897 2014 2955 quae
2065 2885 2357 2939 vocantur
2402 2879 2680 2955 Regnum

562 2979 840 3039 Coeleste
879 2984 938 3036 et
971 2978 1248 3054 Regnum
1285 2977 1642 3054 Spiritum,
1698 2980 1973 3039 videatur
2020 2983 2079 3038 in
2129 2997 2239 3040 suo
2277 2980 2550 3040 Articulo
2596 2999 2675 3039 n:

567 3079 766 3137 20ad
800 3082 925 3137 28:
983 3084 1043 3136 et
1080 3079 1239 3153 quod
1274 3079 1567 3137 Dominus
1618 3087 1912 3157 appareat
1959 3083 2019 3139 in
2064 3082 2273 3158 Regno
2324 3081 2572 3140 coelesti
2607 3088 2678 3139 ut

564 3178 687 3253 Sol,
727 3186 787 3237 et
824 3182 883 3236 in
920 3178 1128 3255 Regno
1165 3179 1465 3254 spirituali
1498 3187 1564 3238 ut
1599 3181 1785 3255 Luna,
1825 3200 1896 3240 nt
1944 3186 1971 3240 1
1994 3187 2022 3240 1
2044 3184 2117 3240 8:
2156 3182 2266 3241 sed
2301 3198 2491 3258 usque
2527 3180 2676 3239 Pla-

562 3297 674 3356 gae
721 3278 888 3338 Coeli
924 3297 1035 3355 per
1070 3279 1132 3338 id
1166 3297 1282 3338 non
1317 3281 1697 3341 indistinctae
1733 3283 1907 3358 fiunt,
1971 3285 2249 3358 quoniam
2287 3282 2506 3362 Angeli
2542 3284 2675 3358 spi-

559 3381 807 3440 rituales
844 3397 961 3438 non
996 3387 1251 3457 possunt
1289 3382 1617 3442 ascendere
1656 3383 1734 3441 ad
1765 3382 2033 3459 Angelos
2073 3383 2404 3457 coelesteS,
2465 3399 2578 3442 nec
2613 3383 2680 3441 hi

560 3480 924 3541 descendere
963 3481 1041 3539 ad
1073 3481 1241 3555 illos,
1288 3482 1564 3541 videatur
1599 3502 1667 3542 n:
1713 3485 1799 3543 35
1843 3501 2044 3560 supra.

719 3586 876 3670 1457.
929 3582 1078 3642 Inde
1114 3589 1297 3660 patet,
1339 3584 1535 3659 qualis
1572 3587 1920 3660 praesentia
1953 3585 2195 3643 Domini
2221 3591 2315 3644 est
2350 3587 2414 3644 in
2450 3583 2672 3660 CoeliS,

561 3680 719 3757 quod
761 3684 857 3741 ·sit
912 3683 1171 3759 ubiviS,
1218 3691 1277 3743 et
1328 3684 1490 3760 apud
1542 3688 1996 3762 unumquemvis
2053 3688 2114 3744 in
2158 3686 2327 3745 Bono
2382 3693 2441 3746 et
2491 3684 2677 3755 Ver0,

715 3916 869 3983 (aaa)
915 3916 1080 3981 Quod
1121 3921 1308 3971 Frons
1347 3919 1808 3990 correspondeat
1853 3921 2040 3974 amori
2083 3922 2355 3986 coelesti,
2420 3932 2479 3976 et
2515 3921 2679 3994 quod

556 3991 691 4045 ideo
734 4009 838 4063 per
886 3992 1141 4046 frontem
1181 3994 1239 4045 iu
1296 3994 1497 4046 Verbo
1553 3996 1649 4048 ille
1699 4013 1865 4049 amor
1924 3997 2314 4070 significetur,
2378 4016 2446 4052 n:
2502 4005 2676 4058 9936.

556 4067 728 4147 Quod
770 4068 970 4120 oculus
1013 4068 1469 4137 correspondeat
1512 4069 1863 4136 intellectui,
1919 4075 2055 4145 quia
2098 4074 2424 4128 intellectus
2465 4084 2553 4127 est
2594 4073 2679 4126 vi·

555 4161 649 4197 sus
704 4144 994 4207 internus,
1051 4160 1118 4195 n:
1173 4151 1344 4203 2701.
1390 4152 1560 4206 4410.
1606 4153 1776 4207 4526.
1822 4157 1993 4208 9051.
2040 4158 2246 4211 10569.
2330 4151 2523 4225 Quare
2566 4149 2675 4202 tol-

553 4221 673 4273 lere
716 4219 916 4271 oculos
952 4228 1009 4271 et
1047 4217 1267 4284 videre,
1313 4220 1597 4293 significat
1625 4222 1973 4295 intelligere,
2019 4228 2349 4297 percipere,
2393 4235 2451 4278 et
2491 4224 2672 4277 anim·

550 4294 874 4358 advertere,
917 4311 984 4346 n:
1028 4302 1196 4354 2789.
1241 4304 1411 4357 2829.
1456 4305 1626 4359 3198.
1669 4305 1837 4359 3202.
1873 4307 2046 4361 4083.
2077 4308 2251 4362 4086.
2292 4308 2457 4361 4339.
2498 4308 2673 4361 5684.
