3013 5114
489 408 987 482 UNUS‘QUISQUE
1028 414 1366 472 ANGELUS
1412 415 1550 472 EST
1589 416 1661 469 IN
1698 415 1948 470 FORMA
1993 416 2314 474 HUMANA.
2399 429 2466 481 39

294 573 298 577 ’
342 574 529 635 faciei
563 574 801 634 illorum
840 575 1178 635 distinctius
1229 583 1291 636 et
1342 576 1594 652 clarius,
1648 595 1824 654 quam
1879 581 2046 637 visae
2095 584 2236 637 sunt
2279 579 2464 640 facies

342 678 652 735 hominum
697 676 949 736 telluris.
1029 677 1255 736 Datum
1302 678 1482 737 etiam
1528 684 1622 737 est
1669 678 1876 739 videre
1926 671 2224 756 Angelum
2273 681 2465 739 intimi

341 777 531 852 coeli,
594 779 648 835 is
687 779 990 836 nitentiori
1029 783 1089 838 et
1135 777 1583 854 splendentiore
1618 778 1770 838 facie
1810 786 1966 854 erat,
2026 797 2205 855 quam
2244 780 2461 857 Angeli

341 877 689 937 inferiorum
725 877 1061 953 coelorum,
1109 878 1363 937 lustravi
1420 897 1585 953 eum,
1627 884 1687 938 et
1723 886 1850 938 erat
1890 882 1946 937 ei
1980 880 2171 939 forma
2204 880 2463 941 humana

344 982 400 1038 in
444 980 602 1037 omni
632 979 1023 1056 perfectione.

506 1083 614 1140 76.
693 1079 773 1138 At
820 1080 1129 1141 sciendum
1175 1085 1296 1154 est,
1370 1080 1532 1155 quod
1570 1081 1788 1158 Angeli
1828 1097 1946 1139 non
1994 1083 2230 1157 possint
2271 1082 2462 1142 videri

342 1182 567 1239 homini
604 1197 716 1257 per
758 1180 966 1241 oculos
997 1182 1268 1258 corporis
1308 1181 1471 1259 eju8‚
1522 1182 1636 1241 sed
1673 1199 1788 1258 per
1827 1182 2034 1240 oculos
2072 1183 2320 1259 spiritus
2359 1186 2463 1259 qui

346 1287 441 1341 est
473 1282 536 1338 in
570 1281 810 1342 homine
841 1278 950 1364 (b),
988 1285 1129 1359 quia
1164 1283 1215 1340 is
1263 1290 1355 1341 est
1389 1283 1450 1340 in
1483 1282 1787 1359 spirituali
1827 1281 2080 1358 munde,
2149 1288 2210 1342 et
2261 1287 2460 1342 omnia

346 1386 615 1458 corporis
642 1384 705 1440 in
738 1382 1030 1459 naturali,
1069 1382 1263 1442 simile
1289 1383 1455 1442 videt
1490 1363 1707 1455 simile,
1745 1386 1884 1459 quia
1903 1400 1994 1445 ,ex
2022 1382 2228 1442 simili:
2272 1401 2454 1460 prae·

342 1490 514 1543 terea
551 1500 840 1561 organum
874 1486 1042 1543 visus
1082 1485 1381 1560 corpori8‚
1421 1484 1578 1559 quod
1616 1491 1710 1546 est
1737 1483 1978 1555 oculus,
2032 1489 2153 1542 tam
2187 1499 2458 1545 crassum

343 1589 454 1657 est,
495 1590 559 1642 ut
594 1601 675 1644 ne
702 1584 942 1660 quidem
966 1584 1170 1643 videat
1207 1586 1435 1643 minora
1469 1592 1719 1645 naturae
1755 1586 1872 1643 nisi
1897 1602 2009 1662 per
2041 1587 2200 1644 vitra
2235 1587 2452 1662 optica‚

341 1691 412 1743 ut
452 1687 640 1744 cuivis
675 1692 881 1744 notum
918 1691 1040 1761 est,
1085 1684 1221 1744 inde
1256 1686 1451 1744 minus
1487 1686 1684 1747 adhuc
1719 1684 1825 1744 illa
1860 1702 2017 1763 quae
2052 1702 2241 1763 supra
2277 1691 2455 1744 natu-

339 1802 446 1844 rae
482 1785 805 1862 sphaeram
844 1792 1010 1860 sunt,
1051 1785 1252 1863 qualia
1278 1792 1417 1845 sunt
1446 1788 1645 1845 omnia
1680 1803 1834 1863 quae
1862 1788 1924 1846 in
1950 1787 2251 1862 spirituali
2278 1804 2455 1845 mun-

342 1885 455 1944 do:
510 1886 619 1944 sed
652 1886 804 1946 haec
842 1903 1034 1962 usque
1070 1886 1348 1945 videntur
1385 1885 1461 1944 ab
1495 1887 1763 1960 homine,
1822 1903 1956 1946 cum
1992 1889 2044 1945 is
2075 1886 2394 1946 abducitur
2419 1903 2457 1945 a

340 1988 479 2046 visu
528 1989 827 2064 corporis»,
907 1994 968 2047 et
1016 1986 1282 2064 aperitur
1334 1986 1502 2045 visus
1557 1987 1806 2063 spiritus
1857 1987 1989 2064 ejus
1999 2031 2016 2061 ‚
2073 1986 2457 2062 quodetiam

340 2093 643 2148 momento
678 2087 761 2163 fit,
802 2104 936 2146 cum
971 2087 1175 2165 placet
1207 2087 1466 2146 Domino
1502 2093 1569 2153 ut
1614 2086 1931 2147 videantur
1942 2106 1960 2161 3
2011 2092 2073 2146 et
2102 2091 2243 2146 tune
2277 2087 2455 2147 homo

338 2205 458 2246 non
511 2188 674 2247 aliud
726 2190 869 2263 scit,
932 2206 1111 2265 quam
1164 2187 1327 2264 quod
1370 2188 1573 2246 videat
1617 2187 1725 2247 illa
1777 2188 1967 2248 oculis
2015 2189 2315 2265 corporis:
2369 2189 2455 2246 ita

338 2288 560 2365 Angeli
595 2290 711 2348 visi
747 2296 887 2349 sunt
912 2289 1277 2364 AbrahamO,
1322 2289 1514 2363 Loto,
1564 2289 1928 2363 Manoacho,
1995 2296 2059 2349 et
2098 2289 2451 2367 Prophetis:

337 2392 425 2448 ita
460 2406 699 2466 quoque
734 2391 903 2449 visus
942 2397 1036 2449 est
1061 2390 1355 2449 Dominus
1391 2396 1532 2466 post
1555 2393 2060 2451 resurrectionem
2086 2388 2450 2467 Discipulis:

336 2489 521 2549 simili
548 2490 721 2550 modo
761 2492 938 2550 etiam
975 2491 1117 2550 mihi
1152 2493 1265 2549 visi
1301 2496 1444 2549 sunt
1479 2490 1716 2568 Angeli.
1798 2490 1956 2568 Quia
1987 2489 2331 2568 Prophetae
2367 2491 2453 2548 ita

337 2592 655 2663 viderunt,
702 2592 838 2652 ideo
875 2592 1015 2652 dicti
1054 2598 1196 2653 sunt
1231 2591 1525 2650 Videntes
1563 2597 1623 2650 et
1661 2591 1873 2668 Aperti
1916 2591 2139 2660 oculis,
2197 2595 2227 2650 1
2277 2589 2450 2649 Sam:

336 2692 462 2752 IX:
509 2695 566 2753 9.
634 2693 823 2752 Num:
874 2693 1124 2752 XXIV:
1169 2694 1240 2768 33
1295 2708 1368 2750 ac
1413 2692 1617 2750 facere
1666 2697 1733 2749 ut
1780 2693 1866 2750 ita
1907 2692 2179 2765 videant,
2230 2691 2453 2750 dictum

338 2801 434 2853 est
471 2797 706 2870 aperire
743 2793 984 2869 oculos,
1045 2799 1112 2852 ut
1147 2794 1369 2852 sactum
1411 2798 1504 2852 est
1539 2808 1729 2869 puero
1767 2792 2023 2865 Elisaei,
2087 2793 2161 2853 de
2199 2809 2316 2871 quo
2367 2793 2454 2850 ita

335 2894 586 2970 legitur,
656 2892 897 2969 „Orans
934 2894 1212 2954 Elisaeus
1249 2894 1423 2968 dixit,
1475 2892 1786 2967 Jehovah,
1824 2894 2006 2974 aperi
2044 2911 2274 2973 quaeso
2301 2910 2448 2952 ocu-

278 3027 285 3033 ·
339 2992 441 3055 los
485 2994 623 3076 ejus
668 3002 741 3057 ut
780 2993 1014 3071 videat,
1052 3001 1113 3056 et
1148 2994 1466 3074 apmente
1506 2991 1793 3055 Jelwvah
1827 2990 2042 3056 oculos
2064 2995 2257 3075 pueri
2295 2993 2451 3077 ejus,

336 3093 506 3156 vidit
532 3096 693 3173 quod
728 3112 868 3156 ecce
897 3113 1066 3157 mons
1095 3097 1195 3156 ille
1220 3096 1439 3172 plenus
1469 3096 1643 3173 equis
1685 3101 1746 3155 et
1772 3095 2044 3155 curribus
2075 3099 2265 3174 igneis
2295 3097 2453 3154 circa

335 3195 716 3271 Elisaeum,“
767 3201 803 3256 2
836 3198 996 3274 Reg:
1035 3197 1154 3257 VI:
1204 3201 1283 3256 17
1299 3242 1311 3256 .
2389 3217 2392 3218 ’

499 3302 609 3356 77.
661 3295 922 3374 Spiritus
958 3297 1166 3376 probi,
1223 3313 1356 3357 cum
1394 3297 1612 3374 quibus
1648 3297 1723 3356 de
1758 3298 1872 3356 hac
1908 3316 1971 3357 re
2015 3300 2195 3358 etiam
2229 3297 2451 3373 loquu-

336 3405 435 3456 tus
496 3413 658 3473 sum,
725 3397 1044 3458 doluerunt
1090 3399 1296 3472 corde,
1364 3397 1527 3474 quod
1575 3397 1715 3457 talis
1769 3399 2104 3475 ignorantia
2165 3396 2239 3454 de
2292 3401 2453 3457 statu

335 3497 520 3570 coeli,
579 3504 640 3558 et
687 3498 760 3558 de
804 3499 1118 3576 spiritibus
1171 3505 1232 3557 et
1280 3498 1511 3575 angelis
1561 3498 1719 3556 intra
1765 3498 2100 3557 Ecclesiam
2147 3502 2337 3566 esset,
2389 3502 2453 3555 et

335 3598 629 3675 indignati
683 3599 989 3670 dicebant,
1043 3599 1205 3677 quod
1260 3600 1498 3660 omnino
1548 3597 1864 3672 referrem,
1934 3596 2095 3673 quod
2154 3613 2273 3656 non
2333 3597 2453 3656 sint

333 3699 571 3759 Mentes
625 3699 855 3779 absque
910 3700 1136 3776 forma,
1190 3716 1304 3760 nec
1351 3700 1689 3758 Pneumata
1740 3698 2059 3768 aetherea,
2134 3697 2244 3758 sed
2292 3697 2454 3775 quod

335 3801 456 3859 sint
488 3800 760 3860 homines
795 3802 856 3859 in
901 3801 1115 3878 effigie,
1157 3807 1216 3859 et
1251 3797 1410 3876 quod
1440 3797 1714 3874 videant,
1773 3798 2049 3874 audiant,
2101 3804 2162 3858 et
2194 3799 2452 3859 sentiant

334 3917 530 3978 aeque
567 3918 639 3961 ac
674 3900 762 3960 illi
799 3904 899 3982 qui
931 3903 994 3960 in
1031 3900 1249 3960 mundo
1290 3896 1390 3980 (c).

492 4098 585 4165 (b)
631 4096 796 4165 Quod
835 4101 1013 4153 homo
1049 4100 1243 4174 quoad
1285 4101 1568 4155 interiora
1611 4119 1711 4155 sua
1753 4102 1827 4155 sit
1869 4101 2128 4174 spiritus,
2171 4065 2452 4162 ιιι-1594.

331 4173 405 4228 Et
446 4174 605 4247 quod
645 4175 888 4247 spiritus
930 4176 1030 4231 ille
1072 4178 1146 4230 sit
1200 4177 1325 4249 ipse
1366 4180 1577 4242 home,
1636 4187 1693 4231 et
1746 4177 1905 4250 quod
1955 4195 2024 4232 ex
2079 4177 2184 4231 illo
2239 4192 2455 4248 corpus

330 4251 526 4313 vivat,
569 4268 640 4306 nt
683 4259 814 4313 447·
859 4261 1031 4315 4622.
1070 4261 1241 4315 6054.

487 4330 572 4394 (c)
617 4328 789 4405 Quod
832 4329 1231 4403 unusquisque
1273 4330 1562 4402 Angelum,
1621 4328 1756 4401 quia
1800 4340 1887 4383 est
1926 4329 2215 4404 recipiens
2256 4327 2456 4382 Divini
2541 4393 2554 4402 “
