3013 5114
546 412 651 460 202
1157 399 1249 451 DE
1296 388 1532 451 COELO
1578 397 1669 450 ET
1714 394 2047 450 lNFERNO.

545 559 762 619 mundo
801 558 1119 618 creduntur
1161 556 1292 637 (yy3
1345 558 1453 617 sed
1488 557 1758 616 Eruditio
1800 573 2005 614 eorum
2047 571 2165 612 non
2210 553 2482 613 ascendit
2506 553 2667 613 ultra

541 661 686 719 talia
734 676 888 736 quae
943 661 1004 717 in
1039 659 1257 717 mundo
1309 676 1509 718 coram
1566 658 1754 717 oculis
1806 662 2132 733 apparent,
2182 673 2335 731 quae
2382 657 2669 713 memorIa

541 768 779 835 tenent,
839 766 900 819 et
933 761 1040 818 illa
1073 778 1266 837 paene
1307 759 1696 818 materialiter
1743 760 2082 828 intuentur,
2140 761 2379 815 tametsi
2417 755 2667 814 eaedem

543 864 831 922 scientiae
872 868 1036 936 sunt,
1099 879 1252 936 quae
1300 878 1442 920 vere
1479 858 1952 936 intelligentibus
1994 873 2104 934 pro
2144 856 2452 916 formando
2488 857 2666 916 intel-

542 964 707 1023 lectu
754 964 1122 1020 inserviunt:
1202 978 1312 1038 per
1366 963 1648 1020 scientias
1695 959 2104 1036 intelliguntur
2157 958 2668 1033 Experimentalia

540 1065 693 1137 varii
746 1065 1009 1140 generis,
1062 1062 1351 1140 Physica,
1411 1060 1861 1130 Astronomica,
1920 1059 2236 1136 Chymica,
2291 1058 2666 1133 Mechanica,

547 1163 957 1236 Geometrica,
1016 1165 1393 1237 Anatomica,
1449 1162 1919 1240 Psychologica,
1958 1159 2414 1234 Philosophica,
2453 1159 2663 1218 Histo-

544 1266 670 1323 rica
705 1265 1083 1342 Regnorum,
1137 1272 1263 1323 tum
1309 1263 1487 1324 Orbis
1536 1265 1792 1335 literati,
1851 1260 2105 1330 Critica,
2160 1260 2444 1337 Linguae.
2535 1260 2664 1319 An-

543 1367 764 1424 tistites
824 1346 942 1441 quil
976 1372 1198 1440 negant
1248 1366 1564 1438 Divinum,
1634 1380 1744 1421 nec
1798 1362 1884 1420 illi
1934 1362 2094 1420 ultra
2146 1361 2453 1419 sensualia
2512 1378 2666 1437 quae

542 1472 683 1524 sunt
740 1466 986 1524 Externi
1040 1467 1291 1525 hominis
1347 1466 1588 1525 elevant
1650 1465 2042 1540 cogitationes
2107 1478 2283 1537 suas3
2357 1462 2461 1520 illa
2512 1479 2666 1538 quae

541 1565 730 1625 Verbi
764 1574 903 1623 sunt
938 1584 1058 1624 non
1104 1567 1279 1625 aliter
1315 1574 1594 1642 spectant
1641 1582 1818 1640 quam
1858 1565 2012 1622 sicut
2055 1563 2155 1620 alii
2192 1565 2504 1637 scientiae,
2553 1580 2668 1621 nec

539 1666 765 1725 faciunt
811 1667 917 1725 illa
971 1684 1068 1725 res
1122 1669 1498 1744 cogitationis
1555 1672 1658 1725 aut
1708 1665 1964 1742 alicujus
2015 1665 2342 1722 intuitionis
2381 1683 2416 1722 a
2470 1670 2667 1723 mente

540 1767 814 1827 rationali
856 1767 1186 1841 illustrata,
1254 1775 1314 1827 et
1367 1769 1478 1826 hoc
1535 1786 1608 1825 ex
1657 1783 1871 1838 causa,
1939 1767 2077 1840 quia
2126 1767 2410 1823 interiora
2457 1782 2670 1823 eorum

540 1868 747 1926 clausa
789 1876 946 1943 sunt,
987 1876 1046 1927 et
1083 1869 1258 1928 simul
1295 1886 1427 1926 cum
1467 1869 1582 1925 illis
1621 1869 1922 1925 exteriora
1952 1867 2223 1942 proxima
2257 1865 2663 1941 interioribus;

542 1969 701 2046 quod
741 1968 949 2028 clausa
986 1972 1136 2044 sint,
1194 1976 1286 2029 est
1322 1971 1460 2045 quia
1495 1974 1804 2028 verterunt
1839 1984 1906 2025 se
1943 1973 2101 2025 retro
2139 1983 2176 2024 a
2211 1966 2416 2037 coelo,
2465 1973 2525 2024 et
2558 1983 2665 2026 re-

472 2070 482 2077 ’
540 2076 874 2128 trorserunt
909 2070 1015 2128 illa
1050 2089 1208 2148 quae
1257 2071 1398 2128 illuc
1449 2076 1727 2144 spectare
1776 2074 2057 2144 possent,
2116 2083 2269 2141 quae
2318 2075 2460 2126 sunt
2508 2070 2664 2126 inte-

538 2172 695 2227 riora
732 2172 947 2227 mentis
988 2169 1317 2242 humanae,
1375 2176 1440 2226 ut
1488 2172 1656 2245 prius
1712 2168 1933 2227 dictum
1971 2174 2094 2227 est:
2150 2168 2287 2226 inde
2326 2174 2450 2243 est,
2508 2167 2669 2244 quod

538 2287 658 2327 non
693 2269 897 2327 videre
937 2273 1169 2346 possint
1210 2269 1354 2346 quid
1394 2286 1603 2327 verum
1643 2262 1711 2326 et
1736 2268 1987 2344 bonurn,
2046 2270 2328 2344 quoniam
2363 2269 2512 2328 haec
2548 2268 2666 2327 illis

536 2371 598 2427 in
634 2369 888 2446 caligine
924 2376 1093 2445 sunt,
1152 2379 1212 2429 at
1251 2370 1466 2428 salsum
1509 2377 1568 2428 et
1602 2369 1826 2427 malum
1859 2371 1919 2427 in
1957 2370 2108 2427 luce.
2176 2370 2258 2428 At
2292 2387 2482 2445 usque
2520 2387 2662 2428 sen-

540 2471 746 2530 suales
783 2471 1053 2530 homines
1090 2473 1433 2531 ratiocinari
1473 2478 1753 2547 possunt,
1796 2469 1981 2546 aliqui
2018 2469 2298 2528 solertius
2337 2477 2397 2529 et
2432 2474 2666 2529 acutius

538 2591 715 2649 quarn
765 2574 894 2648 alii,
951 2574 1061 2632 sed
1112 2592 1185 2632 ex
1243 2573 1496 2642 fallaciis
1547 2589 1833 2632 sensuum
1888 2571 2250 2630 confirmatis
2297 2589 2407 2648 per
2459 2589 2665 2630 eorum

535 2673 895 2742 scientifica;
980 2681 1039 2733 et
1094 2678 1235 2750 quia
1285 2677 1370 2732 ita
1426 2674 1765 2733 ratiocinari
1821 2679 2104 2748 possunt,
2187 2676 2365 2731 etiam
2420 2675 2540 2749 ipsi
2598 2690 2666 2731 se

536 2775 787 2833 eredunt
842 2777 1238 2850 sapientiores
1291 2775 1423 2833 aliis
1459 2772 1597 2855 (zz).
1689 2773 1851 2849 Ignis
1894 2776 1996 2849 qui
2033 2772 2348 2832 affectione
2402 2772 2666 2833 incendit

686 3012 808 3077 (ῃ)
867 3008 1036 3074 Quod
1058 3010 1342 3086 ⁸*sensuale
1387 3010 1461 3061 sit
1502 3010 1767 3062 ultimum
1811 3011 1963 3064 vitae
2009 3011 2291 3074 hominis,
2347 3007 2665 3065 adhaerens

538 3096 595 3139 et
636 3085 941 3138 inhaerens
985 3103 1276 3156 corporeo
1321 3086 1477 3152 ejuS,
1525 3101 1594 3139 n:
1641 3094 1810 3146 5077.
1855 3096 2023 3147 5767.
2071 3096 2237 3147 9212.
2289 3096 2454 3149 9216.
2497 3096 2663 3148 9331.

537 3169 705 3221 9730.
788 3160 951 3226 Quod
996 3162 1042 3213 is
1099 3162 1378 3213 sensualis
1421 3163 1594 3213 homo
1637 3162 1894 3227 dicatur,
1955 3163 2068 3234 -qui
2116 3164 2307 3217 omnia
2350 3164 2569 3231 judicat
2611 3173 2668 3216 et

536 3237 834 3291 concludit
874 3255 941 3289 ex
984 3237 1245 3290 sensibus
1288 3237 1592 3308 corporis,
1652 3249 1708 3291 et
1750 3239 1849 3309 qui
1895 3240 2037 3292 nihil
2081 3239 2297 3303 credit,
2363 3241 2473 3293 nisi
2519 3256 2667 3312 quae

538 3314 723 3366 oculis
767 3314 926 3366 videt
980 3323 1036 3366 et
1088 3313 1354 3366 manibus
1409 3314 1624 3383 tangit,
1688 3333 1755 3365 n:
1822 3323 1990 3375 5094.
2049 3324 2215 3376 7693.
2310 3317 2479 3392 Quod
2537 3316 2669 3369 talis

538 3393 712 3444 hoino
755 3391 973 3462 cogitet
1010 3389 1066 3441 in
1103 3390 1395 3452 extremis,
1442 3399 1496 3441 et
1533 3406 1648 3440 non
1687 3390 1930 3444 interius
1966 3391 2023 3442 in
2063 3409 2140 3454 se,
2186 3407 2245 3446 n:
2292 3399 2458 3453 5089.
2500 3399 2665 3452 5094.

542 3474 707 3527 6564.
754 3475 921 3525 7693.
1006 3464 1172 3530 Quod
1215 3466 1500 3518 interiora
1544 3465 1666 3533 ejus
1709 3468 1896 3519 clausa
1943 3467 2075 3531 sint,
2120 3478 2183 3519 ut
2216 3468 2359 3521 nihil
2403 3468 2527 3521 veri
2571 3468 2667 3521 Di-

536 3544 656 3595 vini
700 3542 925 3605 videat,
976 3560 1048 3595 n:
1094 3550 1262 3602 6564.
1308 3548 1476 3602 6844.
1525 3549 1692 3602 6845.
1772 3543 2000 3604 Verb0‚
2045 3542 2202 3614 quod
2245 3544 2303 3595 in
2346 3560 2542 3597 crasso
2582 3544 2667 3596 lu·

538 3618 691 3670 mine
732 3618 980 3671 naturali
1023 3620 1125 3682 sit,
1172 3629 1229 3671 et
1264 3619 1345 3671 sic
1382 3618 1539 3690 quod
1575 3617 1720 3670 nihil
1762 3619 2048 3689 percipiat
2082 3620 2240 3689 quod
2275 3637 2306 3672 e
2335 3620 2461 3673 luce
2491 3619 2664 3683 coeli,

537 3711 607 3745 11²
668 3701 835 3755 6201·
903 3703 1071 3755 6310.
1130 3702 1295 3754 6564·
1354 3701 1522 3755 6844·
1582 3701 1754 3754 6845.
1804 3703 1971 3756 6598·
2034 3702 2204 3754 6612.
2271 3703 2439 3756 6614.
2493 3703 2664 3755 6622.

542 3775 709 3827 6624.
792 3771 961 3848 Quod
1006 3770 1137 3823 ideo
1183 3771 1427 3823 interius
1470 3771 1543 3823 sit
1583 3780 1783 3823 contra
1830 3772 1924 3823 illa
1971 3788 2118 3841 quae
2163 3771 2325 3823 Coeli
2373 3782 2429 3825 et
2474 3773 2665 3823 Eccle-

540 3845 658 3895 siae
693 3855 842 3907 sunt,
887 3862 952 3897 n:
1000 3854 1168 3905 6201.
1213 3854 1381 3906 6316.
1429 3853 1597 3907 6844-
1630 3854 1800 3907 6845.
1844 3853 2014 3908 6948.
2060 3855 2225 3907 6949·
2310 3848 2480 3922 Quod
2524 3850 2666 3900 Eru-

539 3919 677 3982 diti,
753 3921 851 3991 qui
906 3937 967 3973 se
1031 3921 1524 3975 confirmaverunt
1588 3934 1791 3976 contra
1845 3940 1983 3977 vera
2038 3923 2363 3986 Ecclesiae,
2439 3940 2668 3976 sensua-

539 3995 621 4046 les
683 3994 825 4060 sint,
888 4012 956 4048 n:
1013 4003 1179 4055 6316.
1277 3998 1476 4074 Qualis
1532 3999 1812 4052 sensualis
1867 4001 2072 4070 home,
2140 3998 2531 4063 describitur,
2597 4017 2667 4050 n:

542 4077 748 4129 10236.

693 4146 809 4211 (zz)
866 4144 1036 4219 Quod
1094 4147 1386 4201 sensuales
1440 4149 1704 4202 homines
1756 4150 2187 4203 ratiocinemur
2227 4151 2444 4205 acriter
2484 4161 2541 4203 et
2582 4166 2670 4202 so·

541 4222 755 4286 lerter,
814 4221 1087 4294 quoniam
1131 4223 1189 4273 in
1230 4222 1464 4295 loquela
1519 4244 1588 4277 ex
1629 4227 1911 4279 memoria
1954 4243 2243 4298 corporea
2285 4238 2509 4298 ponunt
2551 4244 2671 4278 om·

541 4315 671 4352 nem
715 4297 1185 4372 intelligentiam,
1249 4318 1318 4354 na
1363 4309 1490 4362 195.
1552 4309 1677 4363 196.
1726 4311 1889 4364 5700.
1937 4310 2145 4365 10236.
2246 4303 2360 4359 Sed
2404 4302 2561 4377 quod
2602 4319 2671 4357 ex
