3013 5114
483 399 688 456 HOMO
728 399 915 455 POST-
955 399 1262 457 MORTEM
1303 400 1437 461 EST
1476 401 1549 456 IN
1595 401 1776 458 OMM
1818 403 2071 471 sENSO,
2113 403 2274 466 mc„
2356 417 2465 469 ‘273

343 568 441 623 est
496 564 655 622 sieut
703 561 1038 622 differentia
1090 561 1237 620 clari
1281 564 1624 639 respective
1675 564 1754 622 ad
1805 564 2124 625 obscurum
2162 566 2354 628 nimbi
2404 572 2467 631 in

338 663 586 738 mundo,
668 680 738 722 ac
787 666 943 722 sicut
989 662 1137 722 lucis
1188 663 1434 723 meridie
1490 664 1568 723 ad
1628 664 1898 723 umbram
1956 683 2248 743 vespere;
2326 670 2463 730 Lux

337 768 496 825 enim
536 762 706 823 Coeli
742 767 881 840 quia
919 770 1012 822 est
1050 764 1342 841 Divinum
1372 763 1603 824 Verum
1643 764 1744 824 dat
1778 767 1935 826 visui
1970 767 2355 845 Angelorum,
2395 779 2464 830 ut

338 866 738 925 minutissima
773 866 1189 941 appercipiant
1241 871 1301 923 et
1348 864 1746 942 distinguant3
1802 868 2232 942 correspondet
2280 873 2461 932 etiam

339 970 508 1028 visus
546 982 753 1024 eorum
788 971 1069 1024 externus
1106 968 1266 1024 visui
1302 968 1533 1026 interno
1571 984 1682 1027 seu
1716 967 2076 1042 intellectui,
2131 987 2264 1029 nam
2297 972 2461 1048 apud
2488 950 2504 969 s

341 1066 610 1143 Angelos
658 1066 864 1125 influit
893 1082 1048 1125 unus
1086 1068 1250 1126 visus
1286 1069 1347 1124 in
1385 1067 1670 1140 alterum,
1734 1074 1800 1125 ut
1836 1086 2016 1126 unum
2057 1077 2265 1146 agant,
2321 1073 2459 1132 inde

339 1168 460 1227 illis
512 1173 681 1225 tanta
736 1169 929 1243 acies5
1010 1174 1070 1226 et
1125 1185 1365 1244 quoque
1423 1168 1697 1228 similiter
1746 1171 2175 1246 correspondet
2221 1173 2459 1232 auditus

343 1266 719 1347 perceptioni
770 1285 1003 1343 eorum,
1060 1286 1215 1345 quae
1270 1275 1361 1328 est
1405 1275 1528 1327 tam
1570 1269 1910 1329 intellectus
1962 1288 2135 1346 quam
2174 1271 2456 1333 volunta-

340 1373 448 1444 tis,
504 1369 644 1429 inde
678 1371 740 1428 in
778 1386 925 1428 sono
969 1376 1029 1428 et
1067 1369 1315 1429 vocibus
1365 1369 1665 1447 loquentis
1720 1373 2136 1448 appercip-iunt
2182 1375 2454 1434 minutis-

293 1542 298 1547 ·
337 1474 491 1530 sima
542 1469 874 1530 affectionis
930 1477 989 1530 et
1040 1472 1415 1547 cogitationis
1464 1471 1626 1549 ejus,
1680 1475 1742 1530 in
1776 1488 1923 1530 sono
1962 1471 2065 1531 illa
2113 1492 2267 1550 quae
2305 1475 2453 1534 affe-

339 1574 552 1632 ctionis
599 1579 772 1643 sunt,
838 1578 898 1632 et
949 1574 1009 1630 in
1062 1565 1309 1631 vocilius
1356 1571 1461 1630 illa
1511 1591 1664 1649 quae
1714 1575 2120 1651 cogitationis,
2180 1574 2456 1638 videatur

341 1690 530 1750 supra
570 1691 636 1731 n:
689 1674 829 1732 234
863 1673 939 1731 ad
971 1676 1146 1748 2453
1205 1673 1314 1733 sed
1348 1673 1565 1750 reliqui
1599 1691 1814 1732 sensus
1853 1675 2017 1750 apud
2052 1675 2299 1754 angelos
2335 1693 2458 1737 non

339 1780 461 1833 tam
507 1775 787 1849 exquisiti
826 1779 996 1848 sunt,
1063 1776 1217 1832 sicut
1261 1790 1476 1832 sensns
1520 1777 1685 1836 visus
1739 1780 1799 1833 et
1835 1775 2104 1848 auditus,
2160 1794 2236 1836 ex
2271 1793 2460 1837 causa

337 1877 481 1953 quia
528 1876 694 1933 visus
748 1882 807 1933 et
856 1874 1094 1933 auditus
1147 1861 1495 1935 inserviunt
1526 1873 1954 1950 intelligentiae
2013 1882 2073 1934 et
2121 1879 2456 1952 sapientiae

347 1994 585 2051 eorum,
625 1975 735 2034 sed
762 1994 879 2033 non
914 1974 1146 2051 reliqui,
1188 1977 1291 2052 qui
1325 1977 1377 2034 si
1413 1977 1471 2032 in
1509 1975 1688 2033 simili
1713 1975 1903 2051 gradu
1922 1978 2214 2057 ⁴exquisiti
2242 1977 2455 2052 forent,

336 2079 642 2137 auferrent
674 2076 872 2136 lucem
925 2083 984 2135 et
1014 2076 1347 2154 jucundum
1400 2078 1733 2152 sapientiae
1773 2094 2005 2149 eorum,
2064 2095 2134 2136 ac
2172 2078 2458 2137 inferrent

327 2176 662 2256 jucundum
707 2177 1081 2237 voluntatum
1122 2195 1277 2254 quae
1313 2179 1614 2236 variorum
1654 2180 2029 2255 appetituum
2075 2184 2134 2238 et
2169 2181 2455 2256 corporiS,

339 2297 495 2356 quae
552 2285 782 2338 tantum
836 2278 1159 2337 obscurant
1220 2285 1282 2338 et
1332 2279 1644 2338 debilitant
1697 2265 2101 2354 intellectum,
2168 2275 2458 2357 quantum

334 2379 746 2457 praepollent,
805 2386 871 2437 ut
908 2397 1145 2456 quoque
1185 2381 1251 2439 fit
1288 2380 1451 2456 apud
1483 2379 1757 2439 homines
1793 2382 1852 2437 in
1890 2381 2137 2454 mundo,
2178 2382 2281 2455 qui
2316 2387 2452 2439 tan·

337 2484 462 2540 tuin
494 2481 661 2540 obesi
698 2488 758 2540 et
787 2480 1014 2557 stupidi
1049 2487 1186 2539 sunt
1222 2480 1419 2556 quoad
1456 2498 1602 2539 vera
1637 2479 2004 2556 spiritualia,
2047 2487 2328 2554 quantum
2359 2482 2454 2538 in·
2486 2527 2491 2529 Α
2547 2551 2560 2565 x

337 2582 586 2660 dulgent
635 2563 838 2660 gustui
890 2591 948 2641 et
995 2580 1305 2641 lenociniis
1358 2581 1648 2639 taetilium
1692 2584 1982 2656 corporis,
2065 2580 2242 2656 Quod
2278 2583 2459 2639 etiam

332 2686 668 2744 interiores·
703 2700 919 2744 sensus
973 2682 1322 2759 angelorum
1373 2681 1574 2757 Coeli,
1646 2683 1747 2757 qui
1796 2688 1936 2740 sunt
1980 2682 2353 2758 cogitationis
2398 2675 2460 2741 et

333 2785 662 2870 affectionis
718 2802 953 2860 eorum,
1022 2786 1441 2861 exquisitiores
1498 2790 1558 2842 et
1612 2782 2003 2859 perfectiores
2063 2784 2216 2853 sint,
2278 2800 2461 2860 quam

331 2888 363 2947 s
415 2894 576 2960 „runt
609 2886 729 2946 illis
765 2888 825 2944 in
873 2887 1125 2955 1nund0‚
1179 2891 1453 2945 constare
1492 2890 1696 2960 potest
1745 2902 1818 2943 ex
1855 2882 1972 2943 illis
2011 2900 2164 2961 quae
2203 2883 2361 2943 dieta
2397 2889 2459 2944 et
2490 2939 2503 2950 ,

336 2905 583 3072 &osa
629 2994 772 3048 sunt
828 2988 888 3045 in
933 2982 1207 3047 Articulo
1262 2985 1336 3045 de
1389 2984 1702 3062 Sapientia
1749 2984 2118 3061 Angelorum
2169 2983 2338 3045 Coeli
2387 3003 2454 3044 n:

341 3069 478 3149 265
513 3089 590 3147 ad
623 3088 785 3148 275.
877 3087 1055 3165 Quod
1103 3093 1305 3146 autem
1360 3087 1679 3146 discrimen
1732 3093 1926 3145 status
1973 3085 2212 3146 illorum
2261 3088 2362 3163 qui
2396 3087 2458 3145 in

329 3190 573 3251 Inferno
623 3195 763 3249 sunt
805 3191 1145 3266 respective
1198 3188 1276 3247 ad
1320 3194 1545 3248 statum
1597 3183 1837 3247 illorum
1872 3190 1932 3245 in
1967 3186 2188 3247 mundo
2226 3190 2453 3262 attinet,

333 3297 431 3351 est
469 3308 709 3369 quoque
746 3290 806 3349 id
842 3308 1155 3368 magnum3
1215 3297 1440 3368 quanta
1486 3291 1641 3349 enim
1675 3290 1968 3365 perfectio
2007 3295 2066 3346 et
2104 3285 2460 3346 excellentia

333 3408 623 3452 sensuum
671 3397 1052 3451 externorum
1102 3396 1162 3452 et
1210 3393 1579 3451 internorum
1628 3396 1722 3448 est
1757 3387 1920 3464 apud
1953 3381 2218 3462 Angelos
2262 3387 2362 3463 qui
2396 3388 2459 3443 in

324 3488 555 3567 ¹Coelo,
610 3496 778 3549 tanta
810 3493 1185 3567 imperfectio
1214 3496 1311 3552 est
1344 3487 1515 3570 apud
1540 3487 1679 3570 illos
1709 3490 1811 3565 qui
1837 3489 1896 3546 in
1932 3486 2206 3563 Infern05
2243 3485 2353 3546 sed
2381 3485 2456 3547 de

334 3590 549 3650 horum
590 3597 752 3648 statu
789 3592 850 3648 in
889 3587 1617 3694 sequentibusfageQrm
1638 3591 1764 3656 ἔδει.

472 3693 610 3751 462
656 3676 750 3778 [8].
813 3688 989 3765 Quod
1013 3681 1258 3768 homosse·
1279 3669 1718 3758 Μέῶζοᾱξὲι
1742 3679 1948 3749 secum
1978 3687 2200 3748 habeat
2222 3705 2456 3750 omnem

332 3810 507 3853 suam
542 3792 923 3861 memoriam,
965 3790 1169 3849 multis
1206 3777 1676 3868 ostensnffivefit,
1735 3790 1808 3849 de
1855 3808 1974 3866 qua
2006 3790 2184 3868 plura
2223 3808 2458 3852 memo·

329 3901 466 3953 ratu
514 3895 693 3972 digna
739 3894 871 3951 visa
924 3901 983 3952 et
1037 3891 1245 3951 audita
1298 3895 1462 3968 sunt,
1500 3908 1755 3969 quorum
1793 3891 1996 3968 aliqua
2028 3890 2211 3951 velim
2250 3893 2458 3953 ordine

329 3994 587 4055 referre:
642 3996 882 4054 fuerunt
918 3995 1021 4072 qui
1054 3999 1429 4071 negaverunt
1462 4009 1577 4053 sua
1613 3996 1862 4054 crimina
1906 4000 1966 4053 et
2008 3994 2262 4071 flagitia,
2300 4011 2459 4070 quae

333 4103 728 4173 patraverunt
761 4098 823 4154 in
862 4094 1083 4154 mundo
1098 4115 1115 4171 ;
1172 4101 1572 4172 quapropter,
1628 4113 1702 4155 ne
1737 4098 2003 4155 insontes
2051 4095 2456 4163 crederentur,

332 4197 530 4253 omnia
557 4195 795 4255 detecta
834 4204 1002 4271 sunt,
1062 4204 1123 4255 et
1160 4214 1236 4255 ex
1278 4199 1566 4255 memoria
1587 4214 1809 4290 ⁸eorum
1843 4197 2144 4255 recensita
2178 4199 2319 4251 sunt
2355 4210 2453 4253 or-

258 4317 269 4328 ·
330 4295 469 4354 dine
499 4313 535 4353 a
568 4299 761 4374 prima
801 4313 1006 4356 eorum
1036 4302 1234 4358 aetate
1271 4296 1346 4358 ad
1375 4297 1677 4375 ultimam3
1721 4303 1889 4357 erant
1914 4296 2242 4373 praecipue
2283 4291 2457 4351 adul-

432 4406 857 4463 Swedenborg,
891 4408 960 4450 De
994 4406 1137 4450 Coelo
1166 4411 1213 4448 et
1246 4404 1452 4449 into-mo.
2036 4395 2119 4451 18
