<?xml version="1.0" encoding="UTF-8"?>
<!DOCTYPE html PUBLIC "-//W3C//DTD XHTML 1.0 Transitional//EN"
    "http://www.w3.org/TR/xhtml1/DTD/xhtml1-transitional.dtd">
<html xmlns="http://www.w3.org/1999/xhtml" xml:lang="en" lang="en">
 <head>
  <title>
</title>
<meta http-equiv="Content-Type" content="text/html;charset=utf-8" />
  <meta name='ocr-system' content='tesseract 3.04.00' />
  <meta name='ocr-capabilities' content='ocr_page ocr_carea ocr_par ocr_line ocrx_word'/>
</head>
<body>
  <div class='ocr_page' id='page_1' title='image "./decoeloetejusmi00tafegoog_0378.png"; bbox 0 0 3013 5114; ppageno 0'>
   <div class='ocr_carea' id='block_1_1' title="bbox 602 429 2108 499">
    <p class='ocr_par' dir='ltr' id='par_1_1' title="bbox 602 429 2108 499">
     <span class='ocr_line' id='line_1_1' title="bbox 602 429 2108 499; baseline -0.007 -5"><span class='ocrx_word' id='word_1_1' title='bbox 602 450 712 499; x_wconf 71' lang='grc'><strong>372</strong></span> <span class='ocrx_word' id='word_1_2' title='bbox 1215 432 1309 486; x_wconf 75' lang='lat' dir='ltr'><strong>DE</strong></span> <span class='ocrx_word' id='word_1_3' title='bbox 1350 429 1593 487; x_wconf 73' lang='lat' dir='ltr'>COELO</span> <span class='ocrx_word' id='word_1_4' title='bbox 1635 429 1730 486; x_wconf 75' lang='lat' dir='ltr'><strong>ET</strong></span> <span class='ocrx_word' id='word_1_5' title='bbox 1769 429 2108 483; x_wconf 55' lang='lat' dir='ltr'><strong>[spinae.</strong></span> 
     </span>
    </p>
   </div>
   <div class='ocr_carea' id='block_1_2' title="bbox 601 591 2754 4402">
    <p class='ocr_par' dir='ltr' id='par_1_2' title="bbox 601 591 2742 1160">
     <span class='ocr_line' id='line_1_2' title="bbox 603 591 2742 669; baseline -0.005 -12"><span class='ocrx_word' id='word_1_6' title='bbox 603 595 791 657; x_wconf 84' lang='lat' dir='ltr'><strong>coelis</strong></span> <span class='ocrx_word' id='word_1_7' title='bbox 830 600 929 655; x_wconf 80' lang='lat' dir='ltr'><strong>est</strong></span> <span class='ocrx_word' id='word_1_8' title='bbox 972 600 1263 669; x_wconf 85' lang='lat' dir='ltr'><strong>quantum</strong></span> <span class='ocrx_word' id='word_1_9' title='bbox 1296 595 1361 651; x_wconf 89' lang='lat' dir='ltr'><strong>in</strong></span> <span class='ocrx_word' id='word_1_10' title='bbox 1406 591 1566 651; x_wconf 90' lang='lat' dir='ltr'><strong>bono</strong></span> <span class='ocrx_word' id='word_1_11' title='bbox 1612 591 1936 650; x_wconf 77' lang='lat' dir='ltr'><strong>voluerunt</strong></span> <span class='ocrx_word' id='word_1_12' title='bbox 1968 606 2139 662; x_wconf 83' lang='lat' dir='ltr'><strong>esse,</strong></span> <span class='ocrx_word' id='word_1_13' title='bbox 2192 605 2306 648; x_wconf 85' lang='lat' dir='ltr'><strong>seu</strong></span> <span class='ocrx_word' id='word_1_14' title='bbox 2345 596 2637 665; x_wconf 75' lang='lat' dir='ltr'><strong>quantum</strong></span> <span class='ocrx_word' id='word_1_15' title='bbox 2667 592 2742 647; x_wconf 67' lang='lat' dir='ltr'><strong>’n</strong></span> 
     </span>
     <span class='ocr_line' id='line_1_3' title="bbox 601 692 2739 769; baseline -0.005 -11"><span class='ocrx_word' id='word_1_16' title='bbox 601 699 762 757; x_wconf 88' lang='lat' dir='ltr'><strong>bono</strong></span> <span class='ocrx_word' id='word_1_17' title='bbox 795 697 1077 757; x_wconf 79' lang='lat' dir='ltr'><strong>vixerunt</strong></span> <span class='ocrx_word' id='word_1_18' title='bbox 1125 695 1190 752; x_wconf 90' lang='lat' dir='ltr'><strong>in</strong></span> <span class='ocrx_word' id='word_1_19' title='bbox 1235 692 1488 768; x_wconf 90' lang='lat' dir='ltr'><strong>mundo,</strong></span> <span class='ocrx_word' id='word_1_20' title='bbox 1540 695 1630 752; x_wconf 83' lang='lat' dir='ltr'><strong>ita</strong></span> <span class='ocrx_word' id='word_1_21' title='bbox 1682 709 1925 769; x_wconf 86' lang='lat' dir='ltr'><strong>quoque</strong></span> <span class='ocrx_word' id='word_1_22' title='bbox 1964 696 2256 767; x_wconf 85' lang='lat' dir='ltr'><strong>quantum</strong></span> <span class='ocrx_word' id='word_1_23' title='bbox 2289 693 2558 749; x_wconf 69' lang='lat' dir='ltr'><strong>aversati</strong></span> <span class='ocrx_word' id='word_1_24' title='bbox 2589 700 2739 749; x_wconf 77' lang='lat' dir='ltr'><strong>suut</strong></span> 
     </span>
     <span class='ocr_line' id='line_1_4' title="bbox 605 791 2738 872; baseline -0.004 -15"><span class='ocrx_word' id='word_1_25' title='bbox 605 798 859 872; x_wconf 77' lang='lat' dir='ltr'><strong>malum3</strong></span> <span class='ocrx_word' id='word_1_26' title='bbox 911 794 1335 872; x_wconf 80' lang='lat' dir='ltr'><strong>aequilibrium</strong></span> <span class='ocrx_word' id='word_1_27' title='bbox 1369 800 1575 853; x_wconf 88' lang='lat' dir='ltr'><strong>autem</strong></span> <span class='ocrx_word' id='word_1_28' title='bbox 1613 795 1933 871; x_wconf 80' lang='lat' dir='ltr'><strong>spirituum</strong></span> <span class='ocrx_word' id='word_1_29' title='bbox 1966 794 2031 850; x_wconf 90' lang='lat' dir='ltr'><strong>in</strong></span> <span class='ocrx_word' id='word_1_30' title='bbox 2063 791 2307 851; x_wconf 77' lang='lat' dir='ltr'><strong>Inferno</strong></span> <span class='ocrx_word' id='word_1_31' title='bbox 2327 835 2346 864; x_wconf 91' lang='lat'><strong>,</strong></span> <span class='ocrx_word' id='word_1_32' title='bbox 2404 796 2503 850; x_wconf 80' lang='lat' dir='ltr'><strong>est</strong></span> <span class='ocrx_word' id='word_1_33' title='bbox 2538 807 2738 868; x_wconf 78' lang='lat' dir='ltr'><strong>quau-</strong></span> 
     </span>
     <span class='ocr_line' id='line_1_5' title="bbox 605 890 2740 970; baseline -0.005 -12"><span class='ocrx_word' id='word_1_34' title='bbox 605 908 731 959; x_wconf 85' lang='lat' dir='ltr'><strong>tum</strong></span> <span class='ocrx_word' id='word_1_35' title='bbox 774 900 839 956; x_wconf 83' lang='lat' dir='ltr'><strong>in</strong></span> <span class='ocrx_word' id='word_1_36' title='bbox 884 896 1044 956; x_wconf 86' lang='lat' dir='ltr'><strong>malo</strong></span> <span class='ocrx_word' id='word_1_37' title='bbox 1092 896 1420 955; x_wconf 76' lang='lat' dir='ltr'><strong>voluerunt</strong></span> <span class='ocrx_word' id='word_1_38' title='bbox 1452 911 1623 968; x_wconf 87' lang='lat' dir='ltr'><strong>esse,</strong></span> <span class='ocrx_word' id='word_1_39' title='bbox 1677 911 1790 953; x_wconf 90' lang='lat' dir='ltr'><strong>seu</strong></span> <span class='ocrx_word' id='word_1_40' title='bbox 1830 899 2124 970; x_wconf 86' lang='lat' dir='ltr'><strong>quantum</strong></span> <span class='ocrx_word' id='word_1_41' title='bbox 2155 895 2220 950; x_wconf 88' lang='lat' dir='ltr'><strong>in</strong></span> <span class='ocrx_word' id='word_1_42' title='bbox 2253 890 2415 950; x_wconf 79' lang='lat' dir='ltr'><strong>malo</strong></span> <span class='ocrx_word' id='word_1_43' title='bbox 2451 893 2740 950; x_wconf 80' lang='lat' dir='ltr'><strong>vixerunt</strong></span> 
     </span>
     <span class='ocr_line' id='line_1_6' title="bbox 607 991 2741 1081; baseline -0.004 -23"><span class='ocrx_word' id='word_1_44' title='bbox 607 1002 668 1058; x_wconf 82' lang='lat' dir='ltr'><strong>ln</strong></span> <span class='ocrx_word' id='word_1_45' title='bbox 701 998 942 1073; x_wconf 91' lang='lat' dir='ltr'><strong>mundo,</strong></span> <span class='ocrx_word' id='word_1_46' title='bbox 979 1000 1069 1057; x_wconf 85' lang='lat' dir='ltr'><strong>ita</strong></span> <span class='ocrx_word' id='word_1_47' title='bbox 1101 1014 1347 1081; x_wconf 87' lang='lat' dir='ltr'><strong>quoque</strong></span> <span class='ocrx_word' id='word_1_48' title='bbox 1372 1002 1663 1073; x_wconf 84' lang='lat' dir='ltr'><strong>quantum</strong></span> <span class='ocrx_word' id='word_1_49' title='bbox 1698 994 1880 1055; x_wconf 89' lang='lat' dir='ltr'><strong>corde</strong></span> <span class='ocrx_word' id='word_1_50' title='bbox 1918 1004 1981 1054; x_wconf 89' lang='lat' dir='ltr'><strong>et</strong></span> <span class='ocrx_word' id='word_1_51' title='bbox 2015 996 2232 1071; x_wconf 80' lang='lat' dir='ltr'><strong>spiritu</strong></span> <span class='ocrx_word' id='word_1_52' title='bbox 2267 998 2479 1052; x_wconf 76' lang='lat' dir='ltr'><strong>contra</strong></span> <span class='ocrx_word' id='word_1_53' title='bbox 2508 991 2741 1051; x_wconf 71' lang='lat' dir='ltr'><strong>bouum</strong></span> 
     </span>
     <span class='ocr_line' id='line_1_7' title="bbox 607 1101 869 1160; baseline -0.004 -1"><span class='ocrx_word' id='word_1_54' title='bbox 607 1101 869 1160; x_wconf 81' lang='lat' dir='ltr'><strong>fuerunt.</strong></span> 
     </span>
    </p>

    <p class='ocr_par' dir='ltr' id='par_1_3' title="bbox 608 1192 2747 3394">
     <span class='ocr_line' id='line_1_8' title="bbox 765 1192 2733 1275; baseline -0.005 -14"><span class='ocrx_word' id='word_1_55' title='bbox 765 1204 800 1261; x_wconf 79' lang='lat'>5</span> <span class='ocrx_word' id='word_1_56' title='bbox 816 1203 929 1260; x_wconf 83' lang='lat'><strong>92.</strong></span> <span class='ocrx_word' id='word_1_57' title='bbox 981 1200 1115 1260; x_wconf 84' lang='lat' dir='ltr'><strong>Nisi</strong></span> <span class='ocrx_word' id='word_1_58' title='bbox 1155 1200 1452 1259; x_wconf 75' lang='lat' dir='ltr'><strong>Dominus</strong></span> <span class='ocrx_word' id='word_1_59' title='bbox 1496 1202 1737 1275; x_wconf 87' lang='lat' dir='ltr'><strong>regeret</strong></span> <span class='ocrx_word' id='word_1_60' title='bbox 1780 1203 1904 1255; x_wconf 87' lang='lat' dir='ltr'><strong>tam</strong></span> <span class='ocrx_word' id='word_1_61' title='bbox 1954 1195 2173 1256; x_wconf 84' lang='lat' dir='ltr'><strong>Coelos</strong></span> <span class='ocrx_word' id='word_1_62' title='bbox 2226 1211 2409 1271; x_wconf 87' lang='lat' dir='ltr'><strong>quam</strong></span> <span class='ocrx_word' id='word_1_63' title='bbox 2461 1192 2733 1267; x_wconf 74' lang='lat' dir='ltr'><strong>Inferna,</strong></span> 
     </span>
     <span class='ocr_line' id='line_1_9' title="bbox 610 1295 2733 1378; baseline -0.005 -16"><span class='ocrx_word' id='word_1_64' title='bbox 610 1320 726 1362; x_wconf 87' lang='lat' dir='ltr'><strong>non</strong></span> <span class='ocrx_word' id='word_1_65' title='bbox 768 1302 926 1361; x_wconf 78' lang='lat' dir='ltr'><strong>soret</strong></span> <span class='ocrx_word' id='word_1_66' title='bbox 957 1300 1202 1378; x_wconf 78' lang='lat' dir='ltr'><strong>aliquod</strong></span> <span class='ocrx_word' id='word_1_67' title='bbox 1235 1300 1685 1377; x_wconf 83' lang='lat' dir='ltr'><strong>aequilibrium,</strong></span> <span class='ocrx_word' id='word_1_68' title='bbox 1741 1304 1803 1355; x_wconf 86' lang='lat' dir='ltr'><strong>et</strong></span> <span class='ocrx_word' id='word_1_69' title='bbox 1849 1299 1904 1355; x_wconf 88' lang='lat' dir='ltr'><strong>si</strong></span> <span class='ocrx_word' id='word_1_70' title='bbox 1947 1315 2067 1356; x_wconf 91' lang='lat' dir='ltr'><strong>non</strong></span> <span class='ocrx_word' id='word_1_71' title='bbox 2103 1295 2556 1372; x_wconf 79' lang='lat' dir='ltr'><strong>aequilibrium,</strong></span> <span class='ocrx_word' id='word_1_72' title='bbox 2607 1312 2733 1352; x_wconf 88' lang='lat' dir='ltr'><strong>non</strong></span> 
     </span>
     <span class='ocr_line' id='line_1_10' title="bbox 608 1398 2736 1476; baseline -0.005 -13"><span class='ocrx_word' id='word_1_73' title='bbox 608 1406 763 1463; x_wconf 77' lang='lat' dir='ltr'><strong>foret</strong></span> <span class='ocrx_word' id='word_1_74' title='bbox 797 1401 1048 1462; x_wconf 85' lang='lat' dir='ltr'><strong>Coelum</strong></span> <span class='ocrx_word' id='word_1_75' title='bbox 1085 1408 1148 1462; x_wconf 89' lang='lat' dir='ltr'><strong>et</strong></span> <span class='ocrx_word' id='word_1_76' title='bbox 1177 1401 1502 1476; x_wconf 75' lang='lat' dir='ltr'><strong>Infernum5</strong></span> <span class='ocrx_word' id='word_1_77' title='bbox 1542 1402 1740 1457; x_wconf 88' lang='lat' dir='ltr'><strong>omnia</strong></span> <span class='ocrx_word' id='word_1_78' title='bbox 1776 1401 1932 1456; x_wconf 86' lang='lat' dir='ltr'><strong>enim</strong></span> <span class='ocrx_word' id='word_1_79' title='bbox 1969 1406 2030 1457; x_wconf 89' lang='lat' dir='ltr'><strong>et</strong></span> <span class='ocrx_word' id='word_1_80' title='bbox 2064 1398 2305 1474; x_wconf 82' lang='lat' dir='ltr'><strong>singula</strong></span> <span class='ocrx_word' id='word_1_81' title='bbox 2343 1399 2408 1455; x_wconf 88' lang='lat' dir='ltr'><strong>in</strong></span> <span class='ocrx_word' id='word_1_82' title='bbox 2430 1398 2736 1467; x_wconf 75' lang='lat' dir='ltr'><strong>universo,</strong></span> 
     </span>
     <span class='ocr_line' id='line_1_11' title="bbox 608 1496 2736 1578; baseline -0.004 -15"><span class='ocrx_word' id='word_1_83' title='bbox 608 1504 723 1563; x_wconf 86' lang='lat' dir='ltr'><strong>hoc</strong></span> <span class='ocrx_word' id='word_1_84' title='bbox 768 1510 898 1578; x_wconf 85' lang='lat' dir='ltr'><strong>est,</strong></span> <span class='ocrx_word' id='word_1_85' title='bbox 927 1508 1086 1561; x_wconf 81' lang='lat' dir='ltr'><strong>&#39;tam</strong></span> <span class='ocrx_word' id='word_1_86' title='bbox 1129 1505 1191 1562; x_wconf 98' lang='lat' dir='ltr'><strong>in</strong></span> <span class='ocrx_word' id='word_1_87' title='bbox 1237 1501 1463 1560; x_wconf 86' lang='lat' dir='ltr'><strong>Mundo</strong></span> <span class='ocrx_word' id='word_1_88' title='bbox 1508 1500 1770 1558; x_wconf 88' lang='lat' dir='ltr'><strong>naturali</strong></span> <span class='ocrx_word' id='word_1_89' title='bbox 1816 1518 1995 1576; x_wconf 88' lang='lat' dir='ltr'><strong>quam</strong></span> <span class='ocrx_word' id='word_1_90' title='bbox 2041 1502 2105 1558; x_wconf 93' lang='lat' dir='ltr'><strong>in</strong></span> <span class='ocrx_word' id='word_1_91' title='bbox 2152 1498 2378 1556; x_wconf 77' lang='lat' dir='ltr'><strong>Mundo</strong></span> <span class='ocrx_word' id='word_1_92' title='bbox 2430 1496 2736 1574; x_wconf 72' lang='lat' dir='ltr'><strong>spirituali</strong></span> 
     </span>
     <span class='ocr_line' id='line_1_12' title="bbox 609 1598 2738 1679; baseline -0.003 -16"><span class='ocrx_word' id='word_1_93' title='bbox 609 1605 945 1663; x_wconf 89' lang='lat' dir='ltr'><strong>consistunt</strong></span> <span class='ocrx_word' id='word_1_94' title='bbox 979 1620 1051 1662; x_wconf 85' lang='lat' dir='ltr'><strong>ex</strong></span> <span class='ocrx_word' id='word_1_95' title='bbox 1087 1602 1443 1679; x_wconf 84' lang='lat' dir='ltr'><strong>aequilibrio</strong></span> <span class='ocrx_word' id='word_1_96' title='bbox 1457 1621 1476 1677; x_wconf 90' lang='lat'>;</span> <span class='ocrx_word' id='word_1_97' title='bbox 1524 1601 1684 1677; x_wconf 89' lang='lat' dir='ltr'><strong>quod</strong></span> <span class='ocrx_word' id='word_1_98' title='bbox 1719 1605 1806 1659; x_wconf 88' lang='lat' dir='ltr'><strong>ita</strong></span> <span class='ocrx_word' id='word_1_99' title='bbox 1839 1602 1945 1673; x_wconf 88' lang='lat' dir='ltr'><strong>sit,</strong></span> <span class='ocrx_word' id='word_1_100' title='bbox 1984 1603 2175 1659; x_wconf 89' lang='lat' dir='ltr'><strong>omnis</strong></span> <span class='ocrx_word' id='word_1_101' title='bbox 2209 1599 2523 1658; x_wconf 87' lang='lat' dir='ltr'><strong>rationalis</strong></span> <span class='ocrx_word' id='word_1_102' title='bbox 2553 1598 2738 1657; x_wconf 85' lang='lat' dir='ltr'><strong>homo</strong></span> 
     </span>
     <span class='ocr_line' id='line_1_13' title="bbox 613 1700 2744 1781; baseline -0.003 -18"><span class='ocrx_word' id='word_1_103' title='bbox 613 1709 814 1781; x_wconf 84' lang='lat' dir='ltr'><strong>potest</strong></span> <span class='ocrx_word' id='word_1_104' title='bbox 846 1705 1195 1781; x_wconf 85' lang='lat' dir='ltr'><strong>percipere3</strong></span> <span class='ocrx_word' id='word_1_105' title='bbox 1249 1704 1328 1762; x_wconf 89' lang='lat' dir='ltr'><strong>da</strong></span> <span class='ocrx_word' id='word_1_106' title='bbox 1366 1701 1545 1762; x_wconf 91' lang='lat' dir='ltr'><strong>modo</strong></span> <span class='ocrx_word' id='word_1_107' title='bbox 1593 1701 2067 1779; x_wconf 88' lang='lat' dir='ltr'><strong>superpondium</strong></span> <span class='ocrx_word' id='word_1_108' title='bbox 2118 1700 2197 1759; x_wconf 90' lang='lat' dir='ltr'><strong>ab</strong></span> <span class='ocrx_word' id='word_1_109' title='bbox 2248 1718 2372 1758; x_wconf 86' lang='lat' dir='ltr'><strong>una</strong></span> <span class='ocrx_word' id='word_1_110' title='bbox 2415 1705 2625 1778; x_wconf 82' lang='lat' dir='ltr'><strong>parte,</strong></span> <span class='ocrx_word' id='word_1_111' title='bbox 2677 1707 2744 1756; x_wconf 84' lang='lat' dir='ltr'><strong>et</strong></span> 
     </span>
     <span class='ocr_line' id='line_1_14' title="bbox 613 1800 2741 1878; baseline -0.002 -15"><span class='ocrx_word' id='word_1_112' title='bbox 613 1804 759 1865; x_wconf 86' lang='lat' dir='ltr'><strong>nihil</strong></span> <span class='ocrx_word' id='word_1_113' title='bbox 792 1806 1177 1865; x_wconf 83' lang='lat' dir='ltr'><strong>resistentiae</strong></span> <span class='ocrx_word' id='word_1_114' title='bbox 1211 1804 1290 1867; x_wconf 81' lang='lat' dir='ltr'><strong>ab</strong></span> <span class='ocrx_word' id='word_1_115' title='bbox 1316 1804 1543 1876; x_wconf 87' lang='lat' dir='ltr'><strong>altera,</strong></span> <span class='ocrx_word' id='word_1_116' title='bbox 1579 1820 1776 1862; x_wconf 89' lang='lat' dir='ltr'><strong>annon</strong></span> <span class='ocrx_word' id='word_1_117' title='bbox 1809 1805 2037 1878; x_wconf 87' lang='lat' dir='ltr'><strong>periret</strong></span> <span class='ocrx_word' id='word_1_118' title='bbox 2063 1809 2415 1878; x_wconf 87' lang='lat' dir='ltr'><strong>utrumque:</strong></span> <span class='ocrx_word' id='word_1_119' title='bbox 2467 1802 2555 1859; x_wconf 78' lang='lat' dir='ltr'><strong>ita</strong></span> <span class='ocrx_word' id='word_1_120' title='bbox 2577 1800 2741 1859; x_wconf 77' lang='lat' dir='ltr'><strong>foret</strong></span> 
     </span>
     <span class='ocr_line' id='line_1_15' title="bbox 610 1901 2738 1983; baseline -0.004 -16"><span class='ocrx_word' id='word_1_121' title='bbox 610 1911 671 1967; x_wconf 88' lang='lat' dir='ltr'><strong>in</strong></span> <span class='ocrx_word' id='word_1_122' title='bbox 708 1906 1006 1983; x_wconf 78' lang='lat' dir='ltr'><strong>spirituali</strong></span> <span class='ocrx_word' id='word_1_123' title='bbox 1055 1905 1311 1981; x_wconf 87' lang='lat' dir='ltr'><strong>Mundo,</strong></span> <span class='ocrx_word' id='word_1_124' title='bbox 1369 1908 1422 1964; x_wconf 92' lang='lat' dir='ltr'><strong>si</strong></span> <span class='ocrx_word' id='word_1_125' title='bbox 1466 1922 1586 1965; x_wconf 92' lang='lat' dir='ltr'><strong>non</strong></span> <span class='ocrx_word' id='word_1_126' title='bbox 1633 1909 1914 1981; x_wconf 85' lang='lat' dir='ltr'><strong>reageret</strong></span> <span class='ocrx_word' id='word_1_127' title='bbox 1963 1903 2189 1963; x_wconf 91' lang='lat' dir='ltr'><strong>bonum</strong></span> <span class='ocrx_word' id='word_1_128' title='bbox 2233 1909 2447 1962; x_wconf 85' lang='lat' dir='ltr'><strong>eontra</strong></span> <span class='ocrx_word' id='word_1_129' title='bbox 2490 1901 2738 1973; x_wconf 74' lang='lat' dir='ltr'><strong>malum,</strong></span> 
     </span>
     <span class='ocr_line' id='line_1_16' title="bbox 612 2002 2739 2085; baseline -0.003 -18"><span class='ocrx_word' id='word_1_130' title='bbox 612 2025 681 2067; x_wconf 91' lang='lat' dir='ltr'><strong>ac</strong></span> <span class='ocrx_word' id='word_1_131' title='bbox 722 2009 1219 2067; x_wconf 84' lang='lat' dir='ltr'><strong>insurrectionem</strong></span> <span class='ocrx_word' id='word_1_132' title='bbox 1261 2009 1394 2085; x_wconf 89' lang='lat' dir='ltr'><strong>ejus</strong></span> <span class='ocrx_word' id='word_1_133' title='bbox 1433 2008 1663 2084; x_wconf 81' lang='lat' dir='ltr'><strong>jugiter</strong></span> <span class='ocrx_word' id='word_1_134' title='bbox 1697 2007 2008 2065; x_wconf 65' lang='lat' dir='ltr'><strong>coerceret</strong></span> <span class='ocrx_word' id='word_1_135' title='bbox 2019 2026 2037 2080; x_wconf 85' lang='lat'><em>3</em></span> <span class='ocrx_word' id='word_1_136' title='bbox 2091 2006 2210 2062; x_wconf 87' lang='lat' dir='ltr'><strong>nisi</strong></span> <span class='ocrx_word' id='word_1_137' title='bbox 2252 2003 2371 2062; x_wconf 89' lang='lat' dir='ltr'><strong>hoc</strong></span> <span class='ocrx_word' id='word_1_138' title='bbox 2405 2004 2585 2061; x_wconf 90' lang='lat' dir='ltr'><strong>unice</strong></span> <span class='ocrx_word' id='word_1_139' title='bbox 2617 2002 2739 2061; x_wconf 86' lang='lat' dir='ltr'><strong>Di-</strong></span> 
     </span>
     <span class='ocr_line' id='line_1_17' title="bbox 611 2102 2746 2185; baseline -0.001 -21"><span class='ocrx_word' id='word_1_140' title='bbox 611 2111 815 2170; x_wconf 73' lang='lat' dir='ltr'><strong>vinum</strong></span> <span class='ocrx_word' id='word_1_141' title='bbox 860 2107 1121 2182; x_wconf 87' lang='lat' dir='ltr'><strong>faceret,</strong></span> <span class='ocrx_word' id='word_1_142' title='bbox 1173 2111 1402 2185; x_wconf 85' lang='lat' dir='ltr'><strong>periret</strong></span> <span class='ocrx_word' id='word_1_143' title='bbox 1444 2115 1506 2165; x_wconf 88' lang='lat' dir='ltr'><strong>et</strong></span> <span class='ocrx_word' id='word_1_144' title='bbox 1553 2106 1804 2167; x_wconf 90' lang='lat' dir='ltr'><strong>Coelum</strong></span> <span class='ocrx_word' id='word_1_145' title='bbox 1853 2111 1914 2164; x_wconf 89' lang='lat' dir='ltr'><strong>et</strong></span> <span class='ocrx_word' id='word_1_146' title='bbox 1952 2106 2293 2176; x_wconf 72' lang='lat' dir='ltr'><strong>Internum,</strong></span> <span class='ocrx_word' id='word_1_147' title='bbox 2346 2111 2411 2162; x_wconf 90' lang='lat' dir='ltr'><strong>et</strong></span> <span class='ocrx_word' id='word_1_148' title='bbox 2454 2120 2591 2162; x_wconf 90' lang='lat' dir='ltr'><strong>cum</strong></span> <span class='ocrx_word' id='word_1_149' title='bbox 2643 2102 2746 2162; x_wconf 79' lang='lat' dir='ltr'><strong>his</strong></span> 
     </span>
     <span class='ocr_line' id='line_1_18' title="bbox 612 2203 2740 2274; baseline -0.002 -8"><span class='ocrx_word' id='word_1_150' title='bbox 612 2214 801 2267; x_wconf 86' lang='lat' dir='ltr'><strong>totum</strong></span> <span class='ocrx_word' id='word_1_151' title='bbox 840 2206 1051 2267; x_wconf 87' lang='lat' dir='ltr'><strong>Genus</strong></span> <span class='ocrx_word' id='word_1_152' title='bbox 1086 2208 1440 2266; x_wconf 84' lang='lat' dir='ltr'><strong>humanum:</strong></span> <span class='ocrx_word' id='word_1_153' title='bbox 1497 2211 1613 2269; x_wconf 89' lang='lat' dir='ltr'><strong>nisi</strong></span> <span class='ocrx_word' id='word_1_154' title='bbox 1647 2208 1765 2267; x_wconf 85' lang='lat' dir='ltr'><strong>hoc</strong></span> <span class='ocrx_word' id='word_1_155' title='bbox 1800 2210 1977 2267; x_wconf 89' lang='lat' dir='ltr'><strong>unice</strong></span> <span class='ocrx_word' id='word_1_156' title='bbox 2011 2207 2301 2268; x_wconf 83' lang='lat' dir='ltr'><strong>Divinum</strong></span> <span class='ocrx_word' id='word_1_157' title='bbox 2334 2206 2594 2274; x_wconf 79' lang='lat' dir='ltr'><strong>faceret,</strong></span> <span class='ocrx_word' id='word_1_158' title='bbox 2641 2203 2740 2262; x_wconf 89' lang='lat' dir='ltr'><strong>di-</strong></span> 
     </span>
     <span class='ocr_line' id='line_1_19' title="bbox 615 2305 2741 2386; baseline -0.002 -19"><span class='ocrx_word' id='word_1_159' title='bbox 615 2310 797 2378; x_wconf 90' lang='lat' dir='ltr'><strong>citur,</strong></span> <span class='ocrx_word' id='word_1_160' title='bbox 833 2309 975 2385; x_wconf 89' lang='lat' dir='ltr'><strong>quia</strong></span> <span class='ocrx_word' id='word_1_161' title='bbox 1006 2308 1323 2385; x_wconf 89' lang='lat' dir='ltr'><strong>Proprium</strong></span> <span class='ocrx_word' id='word_1_162' title='bbox 1361 2310 1632 2386; x_wconf 83' lang='lat' dir='ltr'><strong>cujusvis</strong></span> <span class='ocrx_word' id='word_1_163' title='bbox 1669 2315 1790 2366; x_wconf 86' lang='lat' dir='ltr'><strong>tam</strong></span> <span class='ocrx_word' id='word_1_164' title='bbox 1826 2308 2078 2385; x_wconf 86' lang='lat' dir='ltr'><strong>Angeli,</strong></span> <span class='ocrx_word' id='word_1_165' title='bbox 2125 2325 2308 2384; x_wconf 92' lang='lat' dir='ltr'><strong>quam</strong></span> <span class='ocrx_word' id='word_1_166' title='bbox 2344 2305 2636 2383; x_wconf 86' lang='lat' dir='ltr'><strong>Spiritus,</strong></span> <span class='ocrx_word' id='word_1_167' title='bbox 2677 2311 2741 2363; x_wconf 90' lang='lat' dir='ltr'><strong>et</strong></span> 
     </span>
     <span class='ocr_line' id='line_1_20' title="bbox 614 2407 2744 2486; baseline -0.001 -20"><span class='ocrx_word' id='word_1_168' title='bbox 614 2407 887 2468; x_wconf 84' lang='lat' dir='ltr'><strong>Hominis</strong></span> <span class='ocrx_word' id='word_1_169' title='bbox 928 2427 1049 2469; x_wconf 91' lang='lat' dir='ltr'><strong>non</strong></span> <span class='ocrx_word' id='word_1_170' title='bbox 1085 2416 1180 2469; x_wconf 88' lang='lat' dir='ltr'><strong>est</strong></span> <span class='ocrx_word' id='word_1_171' title='bbox 1212 2412 1329 2468; x_wconf 86' lang='lat' dir='ltr'><strong>nisi</strong></span> <span class='ocrx_word' id='word_1_172' title='bbox 1377 2428 1558 2486; x_wconf 91' lang='lat' dir='ltr'><strong>quam</strong></span> <span class='ocrx_word' id='word_1_173' title='bbox 1609 2409 1863 2481; x_wconf 86' lang='lat' dir='ltr'><strong>malum,</strong></span> <span class='ocrx_word' id='word_1_174' title='bbox 1916 2410 2194 2470; x_wconf 83' lang='lat' dir='ltr'><strong>videatur</strong></span> <span class='ocrx_word' id='word_1_175' title='bbox 2228 2425 2418 2485; x_wconf 88' lang='lat' dir='ltr'><strong>supra</strong></span> <span class='ocrx_word' id='word_1_176' title='bbox 2457 2425 2530 2466; x_wconf 91' lang='lat' dir='ltr'><strong>n:</strong></span> <span class='ocrx_word' id='word_1_177' title='bbox 2576 2408 2744 2477; x_wconf 86' lang='lat'><strong>591,</strong></span> 
     </span>
     <span class='ocr_line' id='line_1_21' title="bbox 617 2509 2746 2589; baseline -0.002 -19"><span class='ocrx_word' id='word_1_178' title='bbox 617 2527 805 2588; x_wconf 85' lang='lat' dir='ltr'><strong>quare</strong></span> <span class='ocrx_word' id='word_1_179' title='bbox 855 2527 1153 2589; x_wconf 88' lang='lat' dir='ltr'><strong>nusquam</strong></span> <span class='ocrx_word' id='word_1_180' title='bbox 1208 2511 1391 2588; x_wconf 84' lang='lat' dir='ltr'><strong>aliqui</strong></span> <span class='ocrx_word' id='word_1_181' title='bbox 1442 2511 1663 2588; x_wconf 88' lang='lat' dir='ltr'><strong>Angeli</strong></span> <span class='ocrx_word' id='word_1_182' title='bbox 1716 2518 1776 2570; x_wconf 88' lang='lat' dir='ltr'><strong>et</strong></span> <span class='ocrx_word' id='word_1_183' title='bbox 1825 2509 2085 2589; x_wconf 87' lang='lat' dir='ltr'><strong>Spiritus</strong></span> <span class='ocrx_word' id='word_1_184' title='bbox 2139 2511 2427 2570; x_wconf 84' lang='lat' dir='ltr'><strong>resistere</strong></span> <span class='ocrx_word' id='word_1_185' title='bbox 2479 2514 2746 2585; x_wconf 83' lang='lat' dir='ltr'><strong>possunt</strong></span> 
     </span>
     <span class='ocr_line' id='line_1_22' title="bbox 616 2610 2745 2688; baseline -0.002 -17"><span class='ocrx_word' id='word_1_186' title='bbox 616 2611 789 2671; x_wconf 87' lang='lat' dir='ltr'><strong>malis</strong></span> <span class='ocrx_word' id='word_1_187' title='bbox 845 2615 1129 2672; x_wconf 85' lang='lat' dir='ltr'><strong>continue</strong></span> <span class='ocrx_word' id='word_1_188' title='bbox 1178 2612 1476 2672; x_wconf 79' lang='lat' dir='ltr'><strong>exhalatis</strong></span> <span class='ocrx_word' id='word_1_189' title='bbox 1530 2612 1605 2671; x_wconf 89' lang='lat' dir='ltr'><strong>ab</strong></span> <span class='ocrx_word' id='word_1_190' title='bbox 1659 2612 1916 2672; x_wconf 82' lang='lat' dir='ltr'><strong>Infernis</strong></span> <span class='ocrx_word' id='word_1_191' title='bbox 1936 2657 1952 2687; x_wconf 89' lang='lat'><strong>,</strong></span> <span class='ocrx_word' id='word_1_192' title='bbox 2030 2613 2313 2688; x_wconf 88' lang='lat' dir='ltr'><strong>quoniam</strong></span> <span class='ocrx_word' id='word_1_193' title='bbox 2368 2628 2444 2671; x_wconf 84' lang='lat' dir='ltr'><strong>ex</strong></span> <span class='ocrx_word' id='word_1_194' title='bbox 2493 2610 2745 2686; x_wconf 87' lang='lat' dir='ltr'><strong>proprio</strong></span> 
     </span>
     <span class='ocr_line' id='line_1_23' title="bbox 612 2709 2739 2790; baseline -0 -20"><span class='ocrx_word' id='word_1_195' title='bbox 612 2712 864 2772; x_wconf 85' lang='lat' dir='ltr'><strong>tendunt</strong></span> <span class='ocrx_word' id='word_1_196' title='bbox 898 2731 1105 2773; x_wconf 88' lang='lat' dir='ltr'><strong>omnes</strong></span> <span class='ocrx_word' id='word_1_197' title='bbox 1140 2714 1218 2772; x_wconf 89' lang='lat' dir='ltr'><strong>ad</strong></span> <span class='ocrx_word' id='word_1_198' title='bbox 1265 2715 1581 2773; x_wconf 83' lang='lat' dir='ltr'><strong>infernum.</strong></span> <span class='ocrx_word' id='word_1_199' title='bbox 1662 2714 1755 2772; x_wconf 75' lang='lat' dir='ltr'><strong>Ex</strong></span> <span class='ocrx_word' id='word_1_200' title='bbox 1799 2713 1896 2773; x_wconf 85' lang='lat' dir='ltr'><strong>his</strong></span> <span class='ocrx_word' id='word_1_201' title='bbox 1942 2719 2148 2790; x_wconf 89' lang='lat' dir='ltr'><strong>patet,</strong></span> <span class='ocrx_word' id='word_1_202' title='bbox 2205 2712 2365 2789; x_wconf 90' lang='lat' dir='ltr'><strong>quod</strong></span> <span class='ocrx_word' id='word_1_203' title='bbox 2400 2713 2517 2770; x_wconf 86' lang='lat' dir='ltr'><strong>nisi</strong></span> <span class='ocrx_word' id='word_1_204' title='bbox 2552 2709 2739 2769; x_wconf 86' lang='lat' dir='ltr'><strong>Solus</strong></span> 
     </span>
     <span class='ocr_line' id='line_1_24' title="bbox 613 2811 2747 2891; baseline -0.001 -19"><span class='ocrx_word' id='word_1_205' title='bbox 613 2813 904 2873; x_wconf 79' lang='lat' dir='ltr'><strong>DomInus</strong></span> <span class='ocrx_word' id='word_1_206' title='bbox 951 2821 1192 2890; x_wconf 79' lang='lat' dir='ltr'><strong>regeret</strong></span> <span class='ocrx_word' id='word_1_207' title='bbox 1238 2821 1359 2872; x_wconf 86' lang='lat' dir='ltr'><strong>tam</strong></span> <span class='ocrx_word' id='word_1_208' title='bbox 1410 2815 1629 2875; x_wconf 87' lang='lat' dir='ltr'><strong>Coelos</strong></span> <span class='ocrx_word' id='word_1_209' title='bbox 1681 2832 1862 2891; x_wconf 90' lang='lat' dir='ltr'><strong>quam</strong></span> <span class='ocrx_word' id='word_1_210' title='bbox 1908 2814 2182 2884; x_wconf 83' lang='lat' dir='ltr'><strong>Inferna,</strong></span> <span class='ocrx_word' id='word_1_211' title='bbox 2242 2829 2539 2889; x_wconf 85' lang='lat' dir='ltr'><strong>nusquam</strong></span> <span class='ocrx_word' id='word_1_212' title='bbox 2584 2811 2747 2871; x_wconf 82' lang='lat' dir='ltr'><strong>foret</strong></span> 
     </span>
     <span class='ocr_line' id='line_1_25' title="bbox 615 2911 2742 2991; baseline 0 -21"><span class='ocrx_word' id='word_1_213' title='bbox 615 2913 793 2972; x_wconf 87' lang='lat' dir='ltr'><strong>alicui</strong></span> <span class='ocrx_word' id='word_1_214' title='bbox 828 2914 1017 2973; x_wconf 87' lang='lat' dir='ltr'><strong>salus.</strong></span> <span class='ocrx_word' id='word_1_215' title='bbox 1072 2917 1399 2975; x_wconf 85' lang='lat' dir='ltr'><strong>Praeterea</strong></span> <span class='ocrx_word' id='word_1_216' title='bbox 1435 2918 1634 2973; x_wconf 83' lang='lat' dir='ltr'><strong>omnia</strong></span> <span class='ocrx_word' id='word_1_217' title='bbox 1665 2914 1910 2973; x_wconf 80' lang='lat' dir='ltr'><strong>Inferna</strong></span> <span class='ocrx_word' id='word_1_218' title='bbox 1940 2933 2122 2972; x_wconf 90' lang='lat' dir='ltr'><strong>unum</strong></span> <span class='ocrx_word' id='word_1_219' title='bbox 2153 2921 2367 2991; x_wconf 86' lang='lat' dir='ltr'><strong>agunt,</strong></span> <span class='ocrx_word' id='word_1_220' title='bbox 2409 2930 2547 2971; x_wconf 90' lang='lat' dir='ltr'><strong>nam</strong></span> <span class='ocrx_word' id='word_1_221' title='bbox 2578 2911 2742 2971; x_wconf 84' lang='lat' dir='ltr'><strong>mala</strong></span> 
     </span>
     <span class='ocr_line' id='line_1_26' title="bbox 611 3013 2741 3090; baseline 0 -19"><span class='ocrx_word' id='word_1_222' title='bbox 611 3016 674 3071; x_wconf 92' lang='lat' dir='ltr'><strong>in</strong></span> <span class='ocrx_word' id='word_1_223' title='bbox 706 3013 966 3073; x_wconf 84' lang='lat' dir='ltr'><strong>Infernis</strong></span> <span class='ocrx_word' id='word_1_224' title='bbox 1018 3032 1288 3074; x_wconf 86' lang='lat' dir='ltr'><strong>connexa</strong></span> <span class='ocrx_word' id='word_1_225' title='bbox 1324 3023 1492 3090; x_wconf 87' lang='lat' dir='ltr'><strong>sunt,</strong></span> <span class='ocrx_word' id='word_1_226' title='bbox 1549 3018 1707 3076; x_wconf 87' lang='lat' dir='ltr'><strong>sicut</strong></span> <span class='ocrx_word' id='word_1_227' title='bbox 1739 3016 1898 3075; x_wconf 90' lang='lat' dir='ltr'><strong>bona</strong></span> <span class='ocrx_word' id='word_1_228' title='bbox 1944 3017 2005 3073; x_wconf 90' lang='lat' dir='ltr'><strong>in</strong></span> <span class='ocrx_word' id='word_1_229' title='bbox 2051 3014 2287 3089; x_wconf 73' lang='lat' dir='ltr'><strong>CoeIiS,</strong></span> <span class='ocrx_word' id='word_1_230' title='bbox 2342 3032 2415 3073; x_wconf 85' lang='lat' dir='ltr'><strong>ac</strong></span> <span class='ocrx_word' id='word_1_231' title='bbox 2449 3015 2741 3073; x_wconf 88' lang='lat' dir='ltr'><strong>resistere</strong></span> 
     </span>
     <span class='ocr_line' id='line_1_27' title="bbox 612 3112 2745 3192; baseline 0 -21"><span class='ocrx_word' id='word_1_232' title='bbox 612 3112 890 3172; x_wconf 87' lang='lat' dir='ltr'><strong>omnibus</strong></span> <span class='ocrx_word' id='word_1_233' title='bbox 922 3113 1208 3190; x_wconf 76' lang='lat' dir='ltr'><strong>InferniS,</strong></span> <span class='ocrx_word' id='word_1_234' title='bbox 1267 3134 1421 3190; x_wconf 85' lang='lat' dir='ltr'><strong>quae</strong></span> <span class='ocrx_word' id='word_1_235' title='bbox 1473 3118 1787 3176; x_wconf 89' lang='lat' dir='ltr'><strong>innumera</strong></span> <span class='ocrx_word' id='word_1_236' title='bbox 1820 3122 1992 3185; x_wconf 86' lang='lat' dir='ltr'><strong>sunt,</strong></span> <span class='ocrx_word' id='word_1_237' title='bbox 2047 3124 2109 3176; x_wconf 90' lang='lat' dir='ltr'><strong>et</strong></span> <span class='ocrx_word' id='word_1_238' title='bbox 2147 3133 2304 3192; x_wconf 83' lang='lat' dir='ltr'><strong>quae</strong></span> <span class='ocrx_word' id='word_1_239' title='bbox 2339 3114 2519 3174; x_wconf 89' lang='lat' dir='ltr'><strong>simul</strong></span> <span class='ocrx_word' id='word_1_240' title='bbox 2554 3122 2745 3190; x_wconf 83' lang='lat' dir='ltr'><strong>agunt</strong></span> 
     </span>
     <span class='ocr_line' id='line_1_28' title="bbox 612 3212 2740 3294; baseline -0 -20"><span class='ocrx_word' id='word_1_241' title='bbox 612 3218 823 3274; x_wconf 89' lang='lat' dir='ltr'><strong>contra</strong></span> <span class='ocrx_word' id='word_1_242' title='bbox 858 3212 1136 3289; x_wconf 88' lang='lat' dir='ltr'><strong>Coelum,</strong></span> <span class='ocrx_word' id='word_1_243' title='bbox 1185 3221 1245 3275; x_wconf 86' lang='lat' dir='ltr'><strong>et</strong></span> <span class='ocrx_word' id='word_1_244' title='bbox 1281 3223 1490 3275; x_wconf 86' lang='lat' dir='ltr'><strong>contra</strong></span> <span class='ocrx_word' id='word_1_245' title='bbox 1527 3233 1734 3276; x_wconf 85' lang='lat' dir='ltr'><strong>omnes</strong></span> <span class='ocrx_word' id='word_1_246' title='bbox 1772 3220 1874 3293; x_wconf 89' lang='lat' dir='ltr'><strong>qui</strong></span> <span class='ocrx_word' id='word_1_247' title='bbox 1906 3216 1992 3274; x_wconf 88' lang='lat' dir='ltr'><strong>ibi</strong></span> <span class='ocrx_word' id='word_1_248' title='bbox 2030 3223 2188 3291; x_wconf 88' lang='lat' dir='ltr'><strong>sunt,</strong></span> <span class='ocrx_word' id='word_1_249' title='bbox 2227 3234 2345 3275; x_wconf 92' lang='lat' dir='ltr'><strong>non</strong></span> <span class='ocrx_word' id='word_1_250' title='bbox 2380 3222 2585 3294; x_wconf 89' lang='lat' dir='ltr'><strong>potest</strong></span> <span class='ocrx_word' id='word_1_251' title='bbox 2618 3216 2740 3275; x_wconf 82' lang='lat' dir='ltr'><strong>nisi</strong></span> 
     </span>
     <span class='ocr_line' id='line_1_29' title="bbox 614 3311 2304 3394; baseline 0 -19"><span class='ocrx_word' id='word_1_252' title='bbox 614 3311 809 3376; x_wconf 88' lang='lat' dir='ltr'><strong>solum</strong></span> <span class='ocrx_word' id='word_1_253' title='bbox 847 3314 1163 3391; x_wconf 86' lang='lat' dir='ltr'><strong>Divinum,</strong></span> <span class='ocrx_word' id='word_1_254' title='bbox 1204 3316 1364 3392; x_wconf 91' lang='lat' dir='ltr'><strong>quod</strong></span> <span class='ocrx_word' id='word_1_255' title='bbox 1400 3317 1574 3376; x_wconf 86' lang='lat' dir='ltr'><strong>unice</strong></span> <span class='ocrx_word' id='word_1_256' title='bbox 1609 3318 1883 3394; x_wconf 84' lang='lat' dir='ltr'><strong>procedit</strong></span> <span class='ocrx_word' id='word_1_257' title='bbox 1917 3335 1993 3377; x_wconf 82' lang='lat' dir='ltr'><strong>ex</strong></span> <span class='ocrx_word' id='word_1_258' title='bbox 2027 3316 2304 3376; x_wconf 88' lang='lat' dir='ltr'><strong>Domino.</strong></span> 
     </span>
    </p>

    <p class='ocr_par' dir='ltr' id='par_1_4' title="bbox 614 3411 2752 4197">
     <span class='ocr_line' id='line_1_30' title="bbox 775 3411 2748 3495; baseline -0.002 -17"><span class='ocrx_word' id='word_1_259' title='bbox 775 3418 934 3478; x_wconf 81' lang='lat'><strong>593.</strong></span> <span class='ocrx_word' id='word_1_260' title='bbox 991 3411 1426 3495; x_wconf 84' lang='lat' dir='ltr'><strong>Aequilibrium</strong></span> <span class='ocrx_word' id='word_1_261' title='bbox 1474 3420 1631 3477; x_wconf 88' lang='lat' dir='ltr'><strong>inter</strong></span> <span class='ocrx_word' id='word_1_262' title='bbox 1669 3418 1886 3478; x_wconf 88' lang='lat' dir='ltr'><strong>Coelos</strong></span> <span class='ocrx_word' id='word_1_263' title='bbox 1924 3424 1984 3477; x_wconf 90' lang='lat' dir='ltr'><strong>et</strong></span> <span class='ocrx_word' id='word_1_264' title='bbox 2016 3418 2261 3477; x_wconf 84' lang='lat' dir='ltr'><strong>Inferna</strong></span> <span class='ocrx_word' id='word_1_265' title='bbox 2295 3417 2644 3475; x_wconf 86' lang='lat' dir='ltr'><strong>diminuitur</strong></span> <span class='ocrx_word' id='word_1_266' title='bbox 2685 3425 2748 3475; x_wconf 82' lang='lat' dir='ltr'><strong>et</strong></span> 
     </span>
     <span class='ocr_line' id='line_1_31' title="bbox 616 3512 2747 3598; baseline 0 -23"><span class='ocrx_word' id='word_1_267' title='bbox 616 3512 907 3579; x_wconf 75' lang='lat' dir='ltr'><strong>accrescit</strong></span> <span class='ocrx_word' id='word_1_268' title='bbox 942 3519 1272 3579; x_wconf 89' lang='lat' dir='ltr'><strong>secundum</strong></span> <span class='ocrx_word' id='word_1_269' title='bbox 1325 3536 1639 3578; x_wconf 86' lang='lat' dir='ltr'><strong>numerum</strong></span> <span class='ocrx_word' id='word_1_270' title='bbox 1677 3520 1914 3579; x_wconf 89' lang='lat' dir='ltr'><strong>illorum</strong></span> <span class='ocrx_word' id='word_1_271' title='bbox 1964 3521 2067 3594; x_wconf 88' lang='lat' dir='ltr'><strong>qui</strong></span> <span class='ocrx_word' id='word_1_272' title='bbox 2112 3521 2336 3598; x_wconf 86' lang='lat' dir='ltr'><strong>intrant</strong></span> <span class='ocrx_word' id='word_1_273' title='bbox 2384 3516 2634 3578; x_wconf 85' lang='lat' dir='ltr'><strong>Coelum</strong></span> <span class='ocrx_word' id='word_1_274' title='bbox 2672 3535 2747 3576; x_wconf 85' lang='lat' dir='ltr'><strong>ac</strong></span> 
     </span>
     <span class='ocr_line' id='line_1_32' title="bbox 614 3618 2746 3697; baseline -0 -20"><span class='ocrx_word' id='word_1_275' title='bbox 614 3621 836 3678; x_wconf 89' lang='lat' dir='ltr'><strong>intrant</strong></span> <span class='ocrx_word' id='word_1_276' title='bbox 869 3618 1208 3690; x_wconf 80' lang='lat' dir='ltr'><strong>Infernum,</strong></span> <span class='ocrx_word' id='word_1_277' title='bbox 1262 3621 1421 3697; x_wconf 86' lang='lat' dir='ltr'><strong>quod</strong></span> <span class='ocrx_word' id='word_1_278' title='bbox 1455 3619 1523 3678; x_wconf 88' lang='lat' dir='ltr'><strong>fit</strong></span> <span class='ocrx_word' id='word_1_279' title='bbox 1560 3620 1823 3697; x_wconf 89' lang='lat' dir='ltr'><strong>quotidie</strong></span> <span class='ocrx_word' id='word_1_280' title='bbox 1851 3619 1929 3677; x_wconf 90' lang='lat' dir='ltr'><strong>ad</strong></span> <span class='ocrx_word' id='word_1_281' title='bbox 1954 3618 2131 3697; x_wconf 87' lang='lat' dir='ltr'><strong>plura</strong></span> <span class='ocrx_word' id='word_1_282' title='bbox 2164 3620 2384 3694; x_wconf 91' lang='lat' dir='ltr'><strong>millia,</strong></span> <span class='ocrx_word' id='word_1_283' title='bbox 2435 3618 2553 3677; x_wconf 90' lang='lat' dir='ltr'><strong>hoc</strong></span> <span class='ocrx_word' id='word_1_284' title='bbox 2582 3620 2746 3678; x_wconf 85' lang='lat' dir='ltr'><strong>sciro</strong></span> 
     </span>
     <span class='ocr_line' id='line_1_33' title="bbox 618 3720 2749 3797; baseline 0.001 -22"><span class='ocrx_word' id='word_1_285' title='bbox 618 3723 678 3775; x_wconf 89' lang='lat' dir='ltr'><strong>et</strong></span> <span class='ocrx_word' id='word_1_286' title='bbox 711 3721 1059 3797; x_wconf 86' lang='lat' dir='ltr'><strong>percipere,</strong></span> <span class='ocrx_word' id='word_1_287' title='bbox 1115 3728 1176 3782; x_wconf 88' lang='lat' dir='ltr'><strong>et</strong></span> <span class='ocrx_word' id='word_1_288' title='bbox 1212 3722 1329 3782; x_wconf 83' lang='lat' dir='ltr'><strong>hoe</strong></span> <span class='ocrx_word' id='word_1_289' title='bbox 1377 3721 1455 3779; x_wconf 91' lang='lat' dir='ltr'><strong>ad</strong></span> <span class='ocrx_word' id='word_1_290' title='bbox 1500 3724 1782 3782; x_wconf 86' lang='lat' dir='ltr'><strong>trutinam</strong></span> <span class='ocrx_word' id='word_1_291' title='bbox 1834 3720 2134 3781; x_wconf 89' lang='lat' dir='ltr'><strong>moderari</strong></span> <span class='ocrx_word' id='word_1_292' title='bbox 2176 3728 2238 3780; x_wconf 89' lang='lat' dir='ltr'><strong>et</strong></span> <span class='ocrx_word' id='word_1_293' title='bbox 2272 3737 2566 3796; x_wconf 90' lang='lat' dir='ltr'><strong>aequare,</strong></span> <span class='ocrx_word' id='word_1_294' title='bbox 2621 3737 2749 3777; x_wconf 90' lang='lat' dir='ltr'><strong>non</strong></span> 
     </span>
     <span class='ocr_line' id='line_1_34' title="bbox 617 3820 2748 3899; baseline 0.001 -23"><span class='ocrx_word' id='word_1_295' title='bbox 617 3823 822 3892; x_wconf 83' lang='lat' dir='ltr'><strong>potest</strong></span> <span class='ocrx_word' id='word_1_296' title='bbox 861 3820 1021 3880; x_wconf 89' lang='lat' dir='ltr'><strong>ullus</strong></span> <span class='ocrx_word' id='word_1_297' title='bbox 1057 3822 1364 3899; x_wconf 76' lang='lat' dir='ltr'><strong>AngeluS,</strong></span> <span class='ocrx_word' id='word_1_298' title='bbox 1404 3822 1514 3881; x_wconf 86' lang='lat' dir='ltr'><strong>sed</strong></span> <span class='ocrx_word' id='word_1_299' title='bbox 1551 3821 1729 3883; x_wconf 84' lang='lat' dir='ltr'><strong>Solus</strong></span> <span class='ocrx_word' id='word_1_300' title='bbox 1756 3822 2071 3894; x_wconf 83' lang='lat' dir='ltr'><strong>Domi&#39;nuS,</strong></span> <span class='ocrx_word' id='word_1_301' title='bbox 2108 3839 2243 3879; x_wconf 90' lang='lat' dir='ltr'><strong>nam</strong></span> <span class='ocrx_word' id='word_1_302' title='bbox 2283 3821 2568 3880; x_wconf 84' lang='lat' dir='ltr'><strong>Divinum</strong></span> <span class='ocrx_word' id='word_1_303' title='bbox 2595 3838 2748 3896; x_wconf 84' lang='lat' dir='ltr'><strong>pro-</strong></span> 
     </span>
     <span class='ocr_line' id='line_1_35' title="bbox 614 3916 2748 3999; baseline 0.003 -25"><span class='ocrx_word' id='word_1_304' title='bbox 614 3916 836 3976; x_wconf 85' lang='lat' dir='ltr'><strong>cedens</strong></span> <span class='ocrx_word' id='word_1_305' title='bbox 873 3936 911 3977; x_wconf 89' lang='lat' dir='ltr'><strong>a</strong></span> <span class='ocrx_word' id='word_1_306' title='bbox 950 3919 1208 3982; x_wconf 89' lang='lat' dir='ltr'><strong>Domino</strong></span> <span class='ocrx_word' id='word_1_307' title='bbox 1254 3925 1706 3999; x_wconf 86' lang='lat' dir='ltr'><strong>omnipraesens</strong></span> <span class='ocrx_word' id='word_1_308' title='bbox 1759 3929 1885 3997; x_wconf 83' lang='lat' dir='ltr'><strong>est,</strong></span> <span class='ocrx_word' id='word_1_309' title='bbox 1941 3940 2014 3982; x_wconf 88' lang='lat' dir='ltr'><strong>ac</strong></span> <span class='ocrx_word' id='word_1_310' title='bbox 2061 3923 2259 3981; x_wconf 82' lang='lat' dir='ltr'><strong>ubivis</strong></span> <span class='ocrx_word' id='word_1_311' title='bbox 2301 3923 2465 3982; x_wconf 87' lang='lat' dir='ltr'><strong>videt</strong></span> <span class='ocrx_word' id='word_1_312' title='bbox 2498 3920 2748 3980; x_wconf 87' lang='lat' dir='ltr'><strong>ubinam</strong></span> 
     </span>
     <span class='ocr_line' id='line_1_36' title="bbox 614 4015 2752 4101; baseline 0.004 -27"><span class='ocrx_word' id='word_1_313' title='bbox 614 4015 841 4093; x_wconf 88' lang='lat' dir='ltr'><strong>aliquid</strong></span> <span class='ocrx_word' id='word_1_314' title='bbox 872 4025 1069 4093; x_wconf 81' lang='lat' dir='ltr'><strong>nutat3</strong></span> <span class='ocrx_word' id='word_1_315' title='bbox 1122 4021 1395 4098; x_wconf 83' lang='lat' dir='ltr'><strong>Angelus</strong></span> <span class='ocrx_word' id='word_1_316' title='bbox 1432 4024 1609 4083; x_wconf 85' lang='lat' dir='ltr'><strong>modo</strong></span> <span class='ocrx_word' id='word_1_317' title='bbox 1648 4024 1816 4083; x_wconf 89' lang='lat' dir='ltr'><strong>videt</strong></span> <span class='ocrx_word' id='word_1_318' title='bbox 1853 4024 2015 4100; x_wconf 89' lang='lat' dir='ltr'><strong>quod</strong></span> <span class='ocrx_word' id='word_1_319' title='bbox 2049 4040 2241 4101; x_wconf 89' lang='lat' dir='ltr'><strong>prope</strong></span> <span class='ocrx_word' id='word_1_320' title='bbox 2278 4038 2348 4082; x_wconf 90' lang='lat' dir='ltr'><strong>se</strong></span> <span class='ocrx_word' id='word_1_321' title='bbox 2388 4029 2510 4098; x_wconf 87' lang='lat' dir='ltr'><strong>est,</strong></span> <span class='ocrx_word' id='word_1_322' title='bbox 2568 4029 2627 4082; x_wconf 88' lang='lat' dir='ltr'><strong>et</strong></span> <span class='ocrx_word' id='word_1_323' title='bbox 2670 4041 2752 4082; x_wconf 88' lang='lat' dir='ltr'><strong>ne</strong></span> 
     </span>
     <span class='ocr_line' id='line_1_37' title="bbox 617 4116 2209 4197; baseline 0.003 -20"><span class='ocrx_word' id='word_1_324' title='bbox 617 4116 857 4194; x_wconf 88' lang='lat' dir='ltr'><strong>quidem</strong></span> <span class='ocrx_word' id='word_1_325' title='bbox 892 4119 1149 4196; x_wconf 86' lang='lat' dir='ltr'><strong>percipit</strong></span> <span class='ocrx_word' id='word_1_326' title='bbox 1179 4122 1242 4178; x_wconf 89' lang='lat' dir='ltr'><strong>in</strong></span> <span class='ocrx_word' id='word_1_327' title='bbox 1279 4136 1347 4180; x_wconf 87' lang='lat' dir='ltr'><strong>se</strong></span> <span class='ocrx_word' id='word_1_328' title='bbox 1385 4121 1528 4197; x_wconf 83' lang='lat' dir='ltr'><strong>quid</strong></span> <span class='ocrx_word' id='word_1_329' title='bbox 1561 4123 1627 4181; x_wconf 86' lang='lat' dir='ltr'><strong>fit</strong></span> <span class='ocrx_word' id='word_1_330' title='bbox 1660 4126 1722 4181; x_wconf 88' lang='lat' dir='ltr'><strong>in</strong></span> <span class='ocrx_word' id='word_1_331' title='bbox 1756 4141 1870 4185; x_wconf 88' lang='lat' dir='ltr'><strong>sua</strong></span> <span class='ocrx_word' id='word_1_332' title='bbox 1903 4127 2209 4184; x_wconf 82' lang='lat' dir='ltr'><strong>societate.</strong></span> 
     </span>
    </p>

    <p class='ocr_par' dir='ltr' id='par_1_5' title="bbox 618 4219 2754 4402">
     <span class='ocr_line' id='line_1_38' title="bbox 777 4219 2747 4298; baseline 0.001 -18"><span class='ocrx_word' id='word_1_333' title='bbox 777 4219 935 4280; x_wconf 84' lang='lat'><strong>594.</strong></span> <span class='ocrx_word' id='word_1_334' title='bbox 993 4219 1307 4298; x_wconf 85' lang='lat' dir='ltr'><strong>Quomodo</strong></span> <span class='ocrx_word' id='word_1_335' title='bbox 1342 4223 1542 4281; x_wconf 89' lang='lat' dir='ltr'><strong>omnia</strong></span> <span class='ocrx_word' id='word_1_336' title='bbox 1589 4223 1863 4284; x_wconf 80' lang='lat' dir='ltr'><strong>ordinata</strong></span> <span class='ocrx_word' id='word_1_337' title='bbox 1910 4233 2052 4285; x_wconf 88' lang='lat' dir='ltr'><strong>sunt</strong></span> <span class='ocrx_word' id='word_1_338' title='bbox 2093 4228 2153 4284; x_wconf 90' lang='lat' dir='ltr'><strong>in</strong></span> <span class='ocrx_word' id='word_1_339' title='bbox 2191 4224 2392 4292; x_wconf 81' lang='lat' dir='ltr'><strong>Goelis</strong></span> <span class='ocrx_word' id='word_1_340' title='bbox 2432 4231 2493 4283; x_wconf 88' lang='lat' dir='ltr'><strong>et</strong></span> <span class='ocrx_word' id='word_1_341' title='bbox 2535 4226 2595 4282; x_wconf 89' lang='lat' dir='ltr'><strong>in</strong></span> <span class='ocrx_word' id='word_1_342' title='bbox 2635 4224 2747 4283; x_wconf 89' lang='lat' dir='ltr'><strong>In-</strong></span> 
     </span>
     <span class='ocr_line' id='line_1_39' title="bbox 618 4322 2754 4402; baseline 0.003 -24"><span class='ocrx_word' id='word_1_343' title='bbox 618 4322 829 4397; x_wconf 79' lang='lat' dir='ltr'><strong>fernis,</strong></span> <span class='ocrx_word' id='word_1_344' title='bbox 889 4329 953 4384; x_wconf 87' lang='lat' dir='ltr'><strong>ut</strong></span> <span class='ocrx_word' id='word_1_345' title='bbox 989 4339 1228 4398; x_wconf 79' lang='lat' dir='ltr'><strong>omneS,</strong></span> <span class='ocrx_word' id='word_1_346' title='bbox 1266 4328 1326 4384; x_wconf 87' lang='lat' dir='ltr'><strong>et</strong></span> <span class='ocrx_word' id='word_1_347' title='bbox 1353 4322 1600 4400; x_wconf 72' lang='lat' dir='ltr'><strong>singuli,</strong></span> <span class='ocrx_word' id='word_1_348' title='bbox 1659 4329 1755 4401; x_wconf 84' lang='lat' dir='ltr'><strong>qui</strong></span> <span class='ocrx_word' id='word_1_349' title='bbox 1794 4325 1901 4402; x_wconf 90' lang='lat' dir='ltr'><strong>ibi,</strong></span> <span class='ocrx_word' id='word_1_350' title='bbox 1958 4328 2017 4386; x_wconf 90' lang='lat' dir='ltr'><strong>in</strong></span> <span class='ocrx_word' id='word_1_351' title='bbox 2061 4344 2174 4386; x_wconf 87' lang='lat' dir='ltr'><strong>suo</strong></span> <span class='ocrx_word' id='word_1_352' title='bbox 2211 4324 2568 4402; x_wconf 86' lang='lat' dir='ltr'><strong>aequilibrio</strong></span> <span class='ocrx_word' id='word_1_353' title='bbox 2608 4327 2754 4402; x_wconf 83' lang='lat' dir='ltr'><strong>siut,</strong></span> 
     </span>
    </p>
   </div>
  </div>
 </body>
</html>
