<?xml version="1.0" encoding="UTF-8"?>
<!DOCTYPE html PUBLIC "-//W3C//DTD XHTML 1.0 Transitional//EN"
    "http://www.w3.org/TR/xhtml1/DTD/xhtml1-transitional.dtd">
<html xmlns="http://www.w3.org/1999/xhtml" xml:lang="en" lang="en">
 <head>
  <title>
</title>
<meta http-equiv="Content-Type" content="text/html;charset=utf-8" />
  <meta name='ocr-system' content='tesseract 3.04.00' />
  <meta name='ocr-capabilities' content='ocr_page ocr_carea ocr_par ocr_line ocrx_word'/>
</head>
<body>
  <div class='ocr_page' id='page_1' title='image "./decoeloetejusmi00tafegoog_0337.png"; bbox 0 0 3013 5114; ppageno 0'>
   <div class='ocr_carea' id='block_1_1' title="bbox 1404 143 1449 190">
    <p class='ocr_par' dir='ltr' id='par_1_1' title="bbox 1404 143 1449 190">
     <span class='ocr_line' id='line_1_1' title="bbox 1404 143 1449 190; baseline 0 0"><span class='ocrx_word' id='word_1_1' title='bbox 1404 143 1449 190; x_wconf 58' lang='lat' dir='ltr'>Q</span> 
     </span>
    </p>
   </div>
   <div class='ocr_carea' id='block_1_2' title="bbox 515 404 2464 487">
    <p class='ocr_par' dir='ltr' id='par_1_2' title="bbox 515 404 2464 487">
     <span class='ocr_line' id='line_1_2' title="bbox 515 404 2464 487; baseline 0.009 -16"><span class='ocrx_word' id='word_1_2' title='bbox 515 404 687 475; x_wconf 77' lang='lat' dir='ltr'>VITA</span> <span class='ocrx_word' id='word_1_3' title='bbox 731 417 932 486; x_wconf 79' lang='lat' dir='ltr'><strong>QUAE</strong></span> <span class='ocrx_word' id='word_1_4' title='bbox 974 416 1197 475; x_wconf 78' lang='lat' dir='ltr'><strong>DUCIT</strong></span> <span class='ocrx_word' id='word_1_5' title='bbox 1235 419 1336 474; x_wconf 88' lang='lat' dir='ltr'><strong>AD</strong></span> <span class='ocrx_word' id='word_1_6' title='bbox 1363 418 1663 477; x_wconf 78' lang='lat' dir='ltr'><strong>coELvM</strong></span> <span class='ocrx_word' id='word_1_7' title='bbox 1701 421 1848 476; x_wconf 83' lang='lat' dir='ltr'><strong>NON</strong></span> <span class='ocrx_word' id='word_1_8' title='bbox 1885 420 2273 482; x_wconf 79' lang='lat' dir='ltr'><strong>DIFFICILIS.</strong></span> <span class='ocrx_word' id='word_1_9' title='bbox 2356 433 2464 487; x_wconf 89' lang='lat'><strong>331</strong></span> 
     </span>
    </p>
   </div>
   <div class='ocr_carea' id='block_1_3' title="bbox 255 579 2480 4408">
    <p class='ocr_par' dir='ltr' id='par_1_3' title="bbox 255 579 2470 2374">
     <span class='ocr_line' id='line_1_3' title="bbox 338 579 2467 658; baseline 0.002 -19"><span class='ocrx_word' id='word_1_10' title='bbox 338 579 558 639; x_wconf 87' lang='lat' dir='ltr'><strong>abduci</strong></span> <span class='ocrx_word' id='word_1_11' title='bbox 596 585 889 657; x_wconf 81' lang='lat' dir='ltr'>possunt,</span> <span class='ocrx_word' id='word_1_12' title='bbox 949 581 1092 656; x_wconf 85' lang='lat' dir='ltr'><strong>quia</strong></span> <span class='ocrx_word' id='word_1_13' title='bbox 1142 580 1305 658; x_wconf 89' lang='lat' dir='ltr'><strong>apud</strong></span> <span class='ocrx_word' id='word_1_14' title='bbox 1349 579 1484 640; x_wconf 91' lang='lat' dir='ltr'><strong>illos</strong></span> <span class='ocrx_word' id='word_1_15' title='bbox 1532 598 1651 640; x_wconf 89' lang='lat' dir='ltr'><strong>non</strong></span> <span class='ocrx_word' id='word_1_16' title='bbox 1699 581 1956 642; x_wconf 87' lang='lat' dir='ltr'><strong>influxus</strong></span> <span class='ocrx_word' id='word_1_17' title='bbox 2006 582 2181 641; x_wconf 86' lang='lat' dir='ltr'><strong>datur</strong></span> <span class='ocrx_word' id='word_1_18' title='bbox 2228 599 2261 642; x_wconf 91' lang='lat' dir='ltr'><strong>e</strong></span> <span class='ocrx_word' id='word_1_19' title='bbox 2298 583 2467 643; x_wconf 87' lang='lat' dir='ltr'><strong>coelo</strong></span> 
     </span>
     <span class='ocr_line' id='line_1_4' title="bbox 329 674 2468 761; baseline 0.001 -21"><span class='ocrx_word' id='word_1_20' title='bbox 329 685 395 747; x_wconf 81' lang='lat' dir='ltr'><strong>in</strong></span> <span class='ocrx_word' id='word_1_21' title='bbox 437 687 669 741; x_wconf 80' lang='lat' dir='ltr'><strong>mentes</strong></span> <span class='ocrx_word' id='word_1_22' title='bbox 726 685 972 751; x_wconf 86' lang='lat' dir='ltr'><strong>eorum,</strong></span> <span class='ocrx_word' id='word_1_23' title='bbox 1028 682 1308 756; x_wconf 90' lang='lat' dir='ltr'><strong>quoniam</strong></span> <span class='ocrx_word' id='word_1_24' title='bbox 1362 682 1513 741; x_wconf 86' lang='lat' dir='ltr'><strong>haec</strong></span> <span class='ocrx_word' id='word_1_25' title='bbox 1568 674 1851 761; x_wconf 82' lang='lat' dir='ltr'><strong>superius</strong></span> <span class='ocrx_word' id='word_1_26' title='bbox 1902 690 2042 743; x_wconf 90' lang='lat' dir='ltr'><strong>sunt</strong></span> <span class='ocrx_word' id='word_1_27' title='bbox 2091 683 2330 758; x_wconf 88' lang='lat' dir='ltr'><strong>clausa,</strong></span> <span class='ocrx_word' id='word_1_28' title='bbox 2398 691 2468 743; x_wconf 90' lang='lat' dir='ltr'><strong>ut</strong></span> 
     </span>
     <span class='ocr_line' id='line_1_5' title="bbox 333 781 2465 861; baseline 0 -19"><span class='ocrx_word' id='word_1_29' title='bbox 333 782 556 842; x_wconf 82' lang='lat' dir='ltr'><strong>dictum</strong></span> <span class='ocrx_word' id='word_1_30' title='bbox 597 788 708 840; x_wconf 89' lang='lat' dir='ltr'><strong>est.</strong></span> <span class='ocrx_word' id='word_1_31' title='bbox 794 781 1053 840; x_wconf 82' lang='lat' dir='ltr'><strong>Intentio</strong></span> <span class='ocrx_word' id='word_1_32' title='bbox 1088 782 1345 841; x_wconf 88' lang='lat' dir='ltr'><strong>hominis</strong></span> <span class='ocrx_word' id='word_1_33' title='bbox 1365 827 1382 857; x_wconf 86' lang='lat'><strong><em>,</em></strong></span> <span class='ocrx_word' id='word_1_34' title='bbox 1441 800 1517 842; x_wconf 87' lang='lat' dir='ltr'><strong>ex</strong></span> <span class='ocrx_word' id='word_1_35' title='bbox 1553 801 1673 861; x_wconf 89' lang='lat' dir='ltr'><strong>qua</strong></span> <span class='ocrx_word' id='word_1_36' title='bbox 1709 783 2138 844; x_wconf 83' lang='lat' dir='ltr'><strong>determinatur</strong></span> <span class='ocrx_word' id='word_1_37' title='bbox 2181 787 2344 844; x_wconf 84' lang='lat' dir='ltr'><strong>visus</strong></span> <span class='ocrx_word' id='word_1_38' title='bbox 2370 787 2465 843; x_wconf 89' lang='lat' dir='ltr'><strong>in-</strong></span> 
     </span>
     <span class='ocr_line' id='line_1_6' title="bbox 330 872 2465 962; baseline 0 -19"><span class='ocrx_word' id='word_1_39' title='bbox 330 889 541 943; x_wconf 89' lang='lat' dir='ltr'><strong>ternus</strong></span> <span class='ocrx_word' id='word_1_40' title='bbox 582 899 693 941; x_wconf 90' lang='lat' dir='ltr'><strong>seu</strong></span> <span class='ocrx_word' id='word_1_41' title='bbox 732 883 1013 958; x_wconf 84' lang='lat' dir='ltr'><strong>cogitatio</strong></span> <span class='ocrx_word' id='word_1_42' title='bbox 1053 883 1185 960; x_wconf 88' lang='lat' dir='ltr'><strong>ejus</strong></span> <span class='ocrx_word' id='word_1_43' title='bbox 1199 928 1216 959; x_wconf 86' lang='lat'>‚</span> <span class='ocrx_word' id='word_1_44' title='bbox 1252 872 1367 942; x_wconf 76' lang='lat' dir='ltr'><strong>&#39;est</strong></span> <span class='ocrx_word' id='word_1_45' title='bbox 1408 884 1541 961; x_wconf 89' lang='lat' dir='ltr'><strong>ejus</strong></span> <span class='ocrx_word' id='word_1_46' title='bbox 1578 884 1889 957; x_wconf 78' lang='lat' dir='ltr'><strong>voluntaS,</strong></span> <span class='ocrx_word' id='word_1_47' title='bbox 1928 904 2065 944; x_wconf 87' lang='lat' dir='ltr'><strong>nam</strong></span> <span class='ocrx_word' id='word_1_48' title='bbox 2095 885 2253 962; x_wconf 90' lang='lat' dir='ltr'><strong>quod</strong></span> <span class='ocrx_word' id='word_1_49' title='bbox 2287 885 2465 944; x_wconf 90' lang='lat' dir='ltr'><strong>homo</strong></span> 
     </span>
     <span class='ocr_line' id='line_1_7' title="bbox 333 982 2467 1064; baseline 0.002 -22"><span class='ocrx_word' id='word_1_50' title='bbox 333 983 499 1059; x_wconf 79' lang='lat' dir='ltr'><strong>vult,</strong></span> <span class='ocrx_word' id='word_1_51' title='bbox 556 982 670 1047; x_wconf 88' lang='lat' dir='ltr'><strong>hoc</strong></span> <span class='ocrx_word' id='word_1_52' title='bbox 710 984 992 1058; x_wconf 84' lang='lat' dir='ltr'><strong>intendit,</strong></span> <span class='ocrx_word' id='word_1_53' title='bbox 1052 990 1114 1043; x_wconf 91' lang='lat' dir='ltr'><strong>et</strong></span> <span class='ocrx_word' id='word_1_54' title='bbox 1157 983 1316 1060; x_wconf 92' lang='lat' dir='ltr'><strong>quod</strong></span> <span class='ocrx_word' id='word_1_55' title='bbox 1350 984 1601 1044; x_wconf 84' lang='lat' dir='ltr'><strong>intendit</strong></span> <span class='ocrx_word' id='word_1_56' title='bbox 1636 985 1749 1045; x_wconf 93' lang='lat' dir='ltr'><strong>hoc</strong></span> <span class='ocrx_word' id='word_1_57' title='bbox 1786 989 2010 1063; x_wconf 86' lang='lat' dir='ltr'><strong>cogitat</strong></span> <span class='ocrx_word' id='word_1_58' title='bbox 2023 1007 2039 1061; x_wconf 81' lang='lat'><em>3</em></span> <span class='ocrx_word' id='word_1_59' title='bbox 2096 993 2467 1064; x_wconf 86' lang='lat' dir='ltr'><strong>quapropter</strong></span> 
     </span>
     <span class='ocr_line' id='line_1_8' title="bbox 333 1074 2465 1166; baseline 0.001 -22"><span class='ocrx_word' id='word_1_60' title='bbox 333 1087 390 1144; x_wconf 85' lang='lat' dir='ltr'><strong>si</strong></span> <span class='ocrx_word' id='word_1_61' title='bbox 431 1074 686 1143; x_wconf 85' lang='lat' dir='ltr'><strong>intendit</strong></span> <span class='ocrx_word' id='word_1_62' title='bbox 727 1084 1000 1155; x_wconf 86' lang='lat' dir='ltr'><strong>coelum,</strong></span> <span class='ocrx_word' id='word_1_63' title='bbox 1043 1083 1187 1144; x_wconf 91' lang='lat' dir='ltr'><strong>illuc</strong></span> <span class='ocrx_word' id='word_1_64' title='bbox 1226 1084 1658 1145; x_wconf 85' lang='lat' dir='ltr'><strong>determinatur</strong></span> <span class='ocrx_word' id='word_1_65' title='bbox 1693 1088 1972 1166; x_wconf 85' lang='lat' dir='ltr'><strong>cogitatio</strong></span> <span class='ocrx_word' id='word_1_66' title='bbox 2016 1088 2178 1165; x_wconf 78' lang='lat' dir='ltr'><strong>ejuS‚</strong></span> <span class='ocrx_word' id='word_1_67' title='bbox 2236 1093 2295 1146; x_wconf 88' lang='lat' dir='ltr'><strong>et</strong></span> <span class='ocrx_word' id='word_1_68' title='bbox 2331 1106 2465 1147; x_wconf 91' lang='lat' dir='ltr'><strong>cum</strong></span> 
     </span>
     <span class='ocr_line' id='line_1_9' title="bbox 336 1185 2467 1263; baseline 0 -19"><span class='ocrx_word' id='word_1_69' title='bbox 336 1185 443 1244; x_wconf 84' lang='lat' dir='ltr'><strong>illa</strong></span> <span class='ocrx_word' id='word_1_70' title='bbox 478 1190 606 1245; x_wconf 88' lang='lat' dir='ltr'><strong>tota</strong></span> <span class='ocrx_word' id='word_1_71' title='bbox 646 1202 817 1255; x_wconf 88' lang='lat' dir='ltr'><strong>mens</strong></span> <span class='ocrx_word' id='word_1_72' title='bbox 855 1187 1020 1263; x_wconf 86' lang='lat' dir='ltr'><strong>ejus,</strong></span> <span class='ocrx_word' id='word_1_73' title='bbox 1083 1203 1236 1263; x_wconf 91' lang='lat' dir='ltr'><strong>quae</strong></span> <span class='ocrx_word' id='word_1_74' title='bbox 1274 1188 1361 1245; x_wconf 92' lang='lat' dir='ltr'><strong>sic</strong></span> <span class='ocrx_word' id='word_1_75' title='bbox 1395 1188 1457 1245; x_wconf 92' lang='lat' dir='ltr'><strong>in</strong></span> <span class='ocrx_word' id='word_1_76' title='bbox 1494 1187 1664 1247; x_wconf 90' lang='lat' dir='ltr'><strong>coelo</strong></span> <span class='ocrx_word' id='word_1_77' title='bbox 1706 1195 1824 1262; x_wconf 88' lang='lat' dir='ltr'><strong>est,</strong></span> <span class='ocrx_word' id='word_1_78' title='bbox 1880 1188 2018 1246; x_wconf 90' lang='lat' dir='ltr'><strong>inde</strong></span> <span class='ocrx_word' id='word_1_79' title='bbox 2056 1188 2191 1247; x_wconf 90' lang='lat' dir='ltr'><strong>dein</strong></span> <span class='ocrx_word' id='word_1_80' title='bbox 2228 1194 2467 1263; x_wconf 89' lang='lat' dir='ltr'><strong>spectat</strong></span> 
     </span>
     <span class='ocr_line' id='line_1_10' title="bbox 327 1286 2460 1365; baseline 0 -20"><span class='ocrx_word' id='word_1_81' title='bbox 327 1286 468 1357; x_wconf 88' lang='lat' dir='ltr'><strong>illa,</strong></span> <span class='ocrx_word' id='word_1_82' title='bbox 521 1303 678 1361; x_wconf 90' lang='lat' dir='ltr'><strong>quae</strong></span> <span class='ocrx_word' id='word_1_83' title='bbox 720 1286 926 1346; x_wconf 83' lang='lat' dir='ltr'><strong>mundi</strong></span> <span class='ocrx_word' id='word_1_84' title='bbox 975 1293 1147 1363; x_wconf 84' lang='lat' dir='ltr'><strong>sunt,</strong></span> <span class='ocrx_word' id='word_1_85' title='bbox 1202 1287 1358 1346; x_wconf 90' lang='lat' dir='ltr'><strong>infra</strong></span> <span class='ocrx_word' id='word_1_86' title='bbox 1405 1303 1505 1363; x_wconf 84' lang='lat' dir='ltr'><strong>se,</strong></span> <span class='ocrx_word' id='word_1_87' title='bbox 1574 1291 1732 1348; x_wconf 87' lang='lat' dir='ltr'><strong>sicut</strong></span> <span class='ocrx_word' id='word_1_88' title='bbox 1782 1292 1884 1365; x_wconf 90' lang='lat' dir='ltr'><strong>qui</strong></span> <span class='ocrx_word' id='word_1_89' title='bbox 1924 1306 1957 1348; x_wconf 93' lang='lat' dir='ltr'><strong>e</strong></span> <span class='ocrx_word' id='word_1_90' title='bbox 2003 1296 2160 1349; x_wconf 88' lang='lat' dir='ltr'><strong>tecto</strong></span> <span class='ocrx_word' id='word_1_91' title='bbox 2216 1289 2427 1346; x_wconf 86' lang='lat' dir='ltr'><strong>domus</strong></span> <span class='ocrx_word' id='word_1_92' title='bbox 2443 1308 2460 1363; x_wconf 82' lang='lat'><em>3</em></span> 
     </span>
     <span class='ocr_line' id='line_1_11' title="bbox 326 1386 2464 1465; baseline 0.002 -21"><span class='ocrx_word' id='word_1_93' title='bbox 326 1387 467 1446; x_wconf 90' lang='lat' dir='ltr'><strong>inde</strong></span> <span class='ocrx_word' id='word_1_94' title='bbox 506 1394 633 1458; x_wconf 86' lang='lat' dir='ltr'><strong>est,</strong></span> <span class='ocrx_word' id='word_1_95' title='bbox 689 1386 848 1464; x_wconf 92' lang='lat' dir='ltr'><strong>quod</strong></span> <span class='ocrx_word' id='word_1_96' title='bbox 889 1387 1098 1463; x_wconf 87' lang='lat' dir='ltr'><strong>homo,</strong></span> <span class='ocrx_word' id='word_1_97' title='bbox 1161 1391 1257 1447; x_wconf 91' lang='lat' dir='ltr'><strong>cui</strong></span> <span class='ocrx_word' id='word_1_98' title='bbox 1298 1394 1511 1465; x_wconf 87' lang='lat' dir='ltr'><strong>aperta</strong></span> <span class='ocrx_word' id='word_1_99' title='bbox 1555 1396 1695 1448; x_wconf 85' lang='lat' dir='ltr'><strong>sunt</strong></span> <span class='ocrx_word' id='word_1_100' title='bbox 1736 1392 2020 1453; x_wconf 83' lang='lat' dir='ltr'><strong>interiora</strong></span> <span class='ocrx_word' id='word_1_101' title='bbox 2056 1406 2211 1465; x_wconf 89' lang='lat' dir='ltr'><strong>quae</strong></span> <span class='ocrx_word' id='word_1_102' title='bbox 2247 1391 2464 1448; x_wconf 88' lang='lat' dir='ltr'><strong>mentis</strong></span> 
     </span>
     <span class='ocr_line' id='line_1_12' title="bbox 255 1488 2462 1570; baseline 0.001 -24"><span class='ocrx_word' id='word_1_103' title='bbox 255 1517 262 1525; x_wconf 91' lang='lat'><strong>·</strong></span> <span class='ocrx_word' id='word_1_104' title='bbox 329 1489 462 1565; x_wconf 89' lang='lat' dir='ltr'><strong>ejus</strong></span> <span class='ocrx_word' id='word_1_105' title='bbox 493 1495 665 1558; x_wconf 89' lang='lat' dir='ltr'><strong>sunt,</strong></span> <span class='ocrx_word' id='word_1_106' title='bbox 718 1490 912 1565; x_wconf 89' lang='lat' dir='ltr'><strong>possit</strong></span> <span class='ocrx_word' id='word_1_107' title='bbox 947 1488 1155 1548; x_wconf 86' lang='lat' dir='ltr'><strong>videre</strong></span> <span class='ocrx_word' id='word_1_108' title='bbox 1193 1489 1354 1549; x_wconf 87' lang='lat' dir='ltr'><strong>mala</strong></span> <span class='ocrx_word' id='word_1_109' title='bbox 1396 1496 1456 1549; x_wconf 93' lang='lat' dir='ltr'><strong>et</strong></span> <span class='ocrx_word' id='word_1_110' title='bbox 1491 1489 1647 1548; x_wconf 85' lang='lat' dir='ltr'><strong>falsa</strong></span> <span class='ocrx_word' id='word_1_111' title='bbox 1684 1507 1838 1567; x_wconf 89' lang='lat' dir='ltr'><strong>quae</strong></span> <span class='ocrx_word' id='word_1_112' title='bbox 1875 1490 2038 1567; x_wconf 90' lang='lat' dir='ltr'><strong>apud</strong></span> <span class='ocrx_word' id='word_1_113' title='bbox 2072 1490 2267 1565; x_wconf 89' lang='lat' dir='ltr'><strong>illum,</strong></span> <span class='ocrx_word' id='word_1_114' title='bbox 2301 1507 2462 1570; x_wconf 25' lang='lat' dir='ltr'><strong>&#39;nam</strong></span> 
     </span>
     <span class='ocr_line' id='line_1_13' title="bbox 327 1587 2458 1668; baseline 0 -20"><span class='ocrx_word' id='word_1_115' title='bbox 327 1587 483 1649; x_wconf 84' lang='lat' dir='ltr'><strong>haec</strong></span> <span class='ocrx_word' id='word_1_116' title='bbox 516 1590 672 1648; x_wconf 84' lang='lat' dir='ltr'><strong>infra</strong></span> <span class='ocrx_word' id='word_1_117' title='bbox 706 1595 968 1647; x_wconf 87' lang='lat' dir='ltr'><strong>mentem</strong></span> <span class='ocrx_word' id='word_1_118' title='bbox 999 1589 1377 1666; x_wconf 88' lang='lat' dir='ltr'><strong>spiritualem</strong></span> <span class='ocrx_word' id='word_1_119' title='bbox 1413 1597 1585 1668; x_wconf 86' lang='lat' dir='ltr'><strong>sunt;</strong></span> <span class='ocrx_word' id='word_1_120' title='bbox 1644 1596 1705 1651; x_wconf 88' lang='lat' dir='ltr'><strong>et</strong></span> <span class='ocrx_word' id='word_1_121' title='bbox 1739 1593 2029 1667; x_wconf 87' lang='lat' dir='ltr'><strong>vicissim,</strong></span> <span class='ocrx_word' id='word_1_122' title='bbox 2075 1591 2237 1668; x_wconf 91' lang='lat' dir='ltr'><strong>quod</strong></span> <span class='ocrx_word' id='word_1_123' title='bbox 2261 1591 2458 1666; x_wconf 87' lang='lat' dir='ltr'><strong>hom0,</strong></span> 
     </span>
     <span class='ocr_line' id='line_1_14' title="bbox 329 1691 2470 1766; baseline -0 -18"><span class='ocrx_word' id='word_1_124' title='bbox 329 1691 428 1748; x_wconf 87' lang='lat' dir='ltr'><strong>cui</strong></span> <span class='ocrx_word' id='word_1_125' title='bbox 463 1708 583 1748; x_wconf 82' lang='lat' dir='ltr'><strong>non</strong></span> <span class='ocrx_word' id='word_1_126' title='bbox 620 1692 907 1749; x_wconf 89' lang='lat' dir='ltr'><strong>interiora</strong></span> <span class='ocrx_word' id='word_1_127' title='bbox 958 1695 1171 1766; x_wconf 88' lang='lat' dir='ltr'><strong>aperta</strong></span> <span class='ocrx_word' id='word_1_128' title='bbox 1221 1698 1396 1761; x_wconf 89' lang='lat' dir='ltr'><strong>sunt,</strong></span> <span class='ocrx_word' id='word_1_129' title='bbox 1447 1708 1567 1751; x_wconf 86' lang='lat' dir='ltr'><strong>non</strong></span> <span class='ocrx_word' id='word_1_130' title='bbox 1612 1692 1820 1752; x_wconf 87' lang='lat' dir='ltr'><strong>videre</strong></span> <span class='ocrx_word' id='word_1_131' title='bbox 1869 1709 1983 1751; x_wconf 85' lang='lat' dir='ltr'><strong>sua</strong></span> <span class='ocrx_word' id='word_1_132' title='bbox 2017 1691 2178 1751; x_wconf 87' lang='lat' dir='ltr'><strong>mala</strong></span> <span class='ocrx_word' id='word_1_133' title='bbox 2213 1698 2273 1751; x_wconf 91' lang='lat' dir='ltr'><strong>et</strong></span> <span class='ocrx_word' id='word_1_134' title='bbox 2308 1691 2470 1752; x_wconf 85' lang='lat' dir='ltr'><strong>falsa.</strong></span> 
     </span>
     <span class='ocr_line' id='line_1_15' title="bbox 327 1791 2464 1868; baseline 0 -20"><span class='ocrx_word' id='word_1_135' title='bbox 327 1792 554 1866; x_wconf 85' lang='lat' dir='ltr'><strong>possit,</strong></span> <span class='ocrx_word' id='word_1_136' title='bbox 601 1794 742 1867; x_wconf 91' lang='lat' dir='ltr'><strong>quia</strong></span> <span class='ocrx_word' id='word_1_137' title='bbox 779 1791 993 1850; x_wconf 89' lang='lat' dir='ltr'><strong>inillis</strong></span> <span class='ocrx_word' id='word_1_138' title='bbox 1033 1798 1158 1860; x_wconf 90' lang='lat' dir='ltr'><strong>est,</strong></span> <span class='ocrx_word' id='word_1_139' title='bbox 1210 1799 1272 1850; x_wconf 87' lang='lat' dir='ltr'><strong>et</strong></span> <span class='ocrx_word' id='word_1_140' title='bbox 1320 1809 1445 1850; x_wconf 91' lang='lat' dir='ltr'><strong>non</strong></span> <span class='ocrx_word' id='word_1_141' title='bbox 1501 1808 1688 1868; x_wconf 86' lang='lat' dir='ltr'><strong>supra</strong></span> <span class='ocrx_word' id='word_1_142' title='bbox 1736 1792 1872 1852; x_wconf 86' lang='lat' dir='ltr'><strong>illa:</strong></span> <span class='ocrx_word' id='word_1_143' title='bbox 1931 1811 2003 1852; x_wconf 79' lang='lat' dir='ltr'><strong>ex</strong></span> <span class='ocrx_word' id='word_1_144' title='bbox 2050 1793 2145 1852; x_wconf 90' lang='lat' dir='ltr'><strong>his</strong></span> <span class='ocrx_word' id='word_1_145' title='bbox 2186 1791 2464 1852; x_wconf 89' lang='lat' dir='ltr'><strong>concludi</strong></span> 
     </span>
     <span class='ocr_line' id='line_1_16' title="bbox 325 1886 2464 1968; baseline 0 -18"><span class='ocrx_word' id='word_1_146' title='bbox 325 1898 560 1967; x_wconf 88' lang='lat' dir='ltr'><strong>potest,</strong></span> <span class='ocrx_word' id='word_1_147' title='bbox 617 1891 775 1951; x_wconf 87' lang='lat' dir='ltr'><strong>unde</strong></span> <span class='ocrx_word' id='word_1_148' title='bbox 824 1898 917 1950; x_wconf 88' lang='lat' dir='ltr'><strong>est</strong></span> <span class='ocrx_word' id='word_1_149' title='bbox 963 1894 1266 1968; x_wconf 86' lang='lat' dir='ltr'><strong>sapientia</strong></span> <span class='ocrx_word' id='word_1_150' title='bbox 1319 1892 1577 1966; x_wconf 89' lang='lat' dir='ltr'><strong>homini,</strong></span> <span class='ocrx_word' id='word_1_151' title='bbox 1637 1899 1697 1951; x_wconf 90' lang='lat' dir='ltr'><strong>et</strong></span> <span class='ocrx_word' id='word_1_152' title='bbox 1733 1893 1889 1950; x_wconf 91' lang='lat' dir='ltr'><strong>unde</strong></span> <span class='ocrx_word' id='word_1_153' title='bbox 1927 1886 1983 1951; x_wconf 89' lang='lat' dir='ltr'><strong>ei</strong></span> <span class='ocrx_word' id='word_1_154' title='bbox 2018 1895 2280 1967; x_wconf 83' lang='lat' dir='ltr'><strong>insania,</strong></span> <span class='ocrx_word' id='word_1_155' title='bbox 2334 1899 2464 1951; x_wconf 90' lang='lat' dir='ltr'><strong>tum</strong></span> 
     </span>
     <span class='ocr_line' id='line_1_17' title="bbox 328 1991 2465 2069; baseline 0 -19"><span class='ocrx_word' id='word_1_156' title='bbox 328 1992 524 2068; x_wconf 87' lang='lat' dir='ltr'><strong>qualis</strong></span> <span class='ocrx_word' id='word_1_157' title='bbox 571 1992 750 2052; x_wconf 90' lang='lat' dir='ltr'><strong>homo</strong></span> <span class='ocrx_word' id='word_1_158' title='bbox 802 1993 1041 2052; x_wconf 85' lang='lat' dir='ltr'><strong>futurus</strong></span> <span class='ocrx_word' id='word_1_159' title='bbox 1092 1999 1233 2069; x_wconf 81' lang='lat' dir='ltr'><strong>post</strong></span> <span class='ocrx_word' id='word_1_160' title='bbox 1280 1999 1567 2064; x_wconf 84' lang='lat' dir='ltr'><strong>mortem,</strong></span> <span class='ocrx_word' id='word_1_161' title='bbox 1639 1993 1741 2052; x_wconf 89' lang='lat' dir='ltr'><strong>ubi</strong></span> <span class='ocrx_word' id='word_1_162' title='bbox 1790 1993 2152 2068; x_wconf 89' lang='lat' dir='ltr'><strong>relinquitur</strong></span> <span class='ocrx_word' id='word_1_163' title='bbox 2197 1991 2354 2050; x_wconf 89' lang='lat' dir='ltr'><strong>velle</strong></span> <span class='ocrx_word' id='word_1_164' title='bbox 2403 1998 2465 2051; x_wconf 92' lang='lat' dir='ltr'><strong>et</strong></span> 
     </span>
     <span class='ocr_line' id='line_1_18' title="bbox 324 2091 2463 2170; baseline 0 -18"><span class='ocrx_word' id='word_1_165' title='bbox 324 2096 625 2170; x_wconf 85' lang='lat' dir='ltr'><strong>cogitare,</strong></span> <span class='ocrx_word' id='word_1_166' title='bbox 678 2101 803 2153; x_wconf 89' lang='lat' dir='ltr'><strong>tum</strong></span> <span class='ocrx_word' id='word_1_167' title='bbox 842 2111 1023 2170; x_wconf 87' lang='lat' dir='ltr'><strong>agere</strong></span> <span class='ocrx_word' id='word_1_168' title='bbox 1063 2101 1122 2151; x_wconf 89' lang='lat' dir='ltr'><strong>et</strong></span> <span class='ocrx_word' id='word_1_169' title='bbox 1156 2092 1321 2170; x_wconf 90' lang='lat' dir='ltr'><strong>loqui</strong></span> <span class='ocrx_word' id='word_1_170' title='bbox 1363 2093 1695 2153; x_wconf 90' lang='lat' dir='ltr'><strong>secundum</strong></span> <span class='ocrx_word' id='word_1_171' title='bbox 1741 2095 2027 2153; x_wconf 85' lang='lat' dir='ltr'><strong>interiora</strong></span> <span class='ocrx_word' id='word_1_172' title='bbox 2066 2111 2198 2153; x_wconf 91' lang='lat' dir='ltr'><strong>sua.</strong></span> <span class='ocrx_word' id='word_1_173' title='bbox 2290 2091 2463 2153; x_wconf 86' lang='lat' dir='ltr'><strong>Haec</strong></span> 
     </span>
     <span class='ocr_line' id='line_1_19' title="bbox 325 2194 2457 2272; baseline 0 -20"><span class='ocrx_word' id='word_1_174' title='bbox 325 2212 565 2272; x_wconf 88' lang='lat' dir='ltr'><strong>quoque</strong></span> <span class='ocrx_word' id='word_1_175' title='bbox 607 2195 767 2254; x_wconf 85' lang='lat' dir='ltr'><strong>dicta</strong></span> <span class='ocrx_word' id='word_1_176' title='bbox 801 2202 939 2254; x_wconf 86' lang='lat' dir='ltr'><strong>sunt</strong></span> <span class='ocrx_word' id='word_1_177' title='bbox 955 2240 1002 2270; x_wconf 72' lang='grc'><strong>,,</strong></span> <span class='ocrx_word' id='word_1_178' title='bbox 1029 2200 1096 2255; x_wconf 90' lang='lat' dir='ltr'><strong>ut</strong></span> <span class='ocrx_word' id='word_1_179' title='bbox 1142 2194 1616 2272; x_wconf 79' lang='lat' dir='ltr'><strong>sciatur&#39;qualis</strong></span> <span class='ocrx_word' id='word_1_180' title='bbox 1665 2195 1844 2255; x_wconf 88' lang='lat' dir='ltr'><strong>homo</strong></span> <span class='ocrx_word' id='word_1_181' title='bbox 1892 2197 2140 2255; x_wconf 89' lang='lat' dir='ltr'><strong>interius</strong></span> <span class='ocrx_word' id='word_1_182' title='bbox 2168 2200 2305 2264; x_wconf 67' lang='lat' dir='ltr'><strong>est,</strong></span> <span class='ocrx_word' id='word_1_183' title='bbox 2359 2202 2457 2252; x_wconf 91' lang='lat' dir='ltr'><strong>ut-</strong></span> 
     </span>
     <span class='ocr_line' id='line_1_20' title="bbox 323 2296 1647 2374; baseline 0.002 -20"><span class='ocrx_word' id='word_1_184' title='bbox 323 2311 561 2374; x_wconf 90' lang='lat' dir='ltr'><strong>cunque</strong></span> <span class='ocrx_word' id='word_1_185' title='bbox 603 2302 862 2373; x_wconf 86' lang='lat' dir='ltr'><strong>apparet</strong></span> <span class='ocrx_word' id='word_1_186' title='bbox 901 2296 1074 2355; x_wconf 90' lang='lat' dir='ltr'><strong>alteri</strong></span> <span class='ocrx_word' id='word_1_187' title='bbox 1116 2297 1324 2356; x_wconf 87' lang='lat' dir='ltr'><strong>similis</strong></span> <span class='ocrx_word' id='word_1_188' title='bbox 1363 2298 1647 2356; x_wconf 79' lang='lat' dir='ltr'><strong>exterius,</strong></span> 
     </span>
    </p>

    <p class='ocr_par' dir='ltr' id='par_1_4' title="bbox 274 2392 2480 4408">
     <span class='ocr_line' id='line_1_21' title="bbox 394 2392 2458 2473; baseline -0.001 -17"><span class='ocrx_word' id='word_1_189' title='bbox 394 2392 400 2399; x_wconf 80' lang='grc'><strong><em>’</em></strong></span> <span class='ocrx_word' id='word_1_190' title='bbox 482 2398 640 2456; x_wconf 83' lang='lat'><strong>533.</strong></span> <span class='ocrx_word' id='word_1_191' title='bbox 713 2397 889 2473; x_wconf 84' lang='lat' dir='ltr'><strong>Quod</strong></span> <span class='ocrx_word' id='word_1_192' title='bbox 928 2415 1046 2457; x_wconf 92' lang='lat' dir='ltr'><strong>non</strong></span> <span class='ocrx_word' id='word_1_193' title='bbox 1083 2403 1203 2454; x_wconf 89' lang='lat' dir='ltr'><strong>tam</strong></span> <span class='ocrx_word' id='word_1_194' title='bbox 1242 2397 1479 2457; x_wconf 83' lang='lat' dir='ltr'><strong>difficile</strong></span> <span class='ocrx_word' id='word_1_195' title='bbox 1525 2399 1602 2455; x_wconf 89' lang='lat' dir='ltr'><strong>sit</strong></span> <span class='ocrx_word' id='word_1_196' title='bbox 1650 2414 1831 2473; x_wconf 87' lang='lat' dir='ltr'><strong>agere</strong></span> <span class='ocrx_word' id='word_1_197' title='bbox 1877 2400 2065 2456; x_wconf 63' lang='lat' dir='ltr'><strong>uitam</strong></span> <span class='ocrx_word' id='word_1_198' title='bbox 2104 2397 2259 2455; x_wconf 88' lang='lat' dir='ltr'><strong>coeli</strong></span> <span class='ocrx_word' id='word_1_199' title='bbox 2299 2398 2458 2454; x_wconf 89' lang='lat' dir='ltr'><strong>sicut</strong></span> 
     </span>
     <span class='ocr_line' id='line_1_22' title="bbox 322 2495 2455 2578; baseline -0.001 -23"><span class='ocrx_word' id='word_1_200' title='bbox 322 2495 615 2572; x_wconf 84' lang='lat' dir='ltr'><strong>creditur,</strong></span> <span class='ocrx_word' id='word_1_201' title='bbox 670 2503 840 2576; x_wconf 77' lang='lat' dir='ltr'><strong>patet</strong></span> <span class='ocrx_word' id='word_1_202' title='bbox 877 2514 948 2555; x_wconf 86' lang='lat' dir='ltr'><strong>ex</strong></span> <span class='ocrx_word' id='word_1_203' title='bbox 993 2514 1094 2571; x_wconf 86' lang='lat' dir='ltr'><strong>ec,</strong></span> <span class='ocrx_word' id='word_1_204' title='bbox 1135 2496 1292 2572; x_wconf 89' lang='lat' dir='ltr'><strong>quod</strong></span> <span class='ocrx_word' id='word_1_205' title='bbox 1329 2496 1524 2555; x_wconf 90' lang='lat' dir='ltr'><strong>solum</strong></span> <span class='ocrx_word' id='word_1_206' title='bbox 1563 2513 1715 2578; x_wconf 84' lang='lat' dir='ltr'><strong>opus</strong></span> <span class='ocrx_word' id='word_1_207' title='bbox 1756 2496 2016 2571; x_wconf 79' lang='lat' dir='ltr'><strong>habeat,</strong></span> <span class='ocrx_word' id='word_1_208' title='bbox 2061 2514 2194 2555; x_wconf 90' lang='lat' dir='ltr'><strong>cum</strong></span> <span class='ocrx_word' id='word_1_209' title='bbox 2231 2496 2455 2571; x_wconf 89' lang='lat' dir='ltr'><strong>aliquid</strong></span> 
     </span>
     <span class='ocr_line' id='line_1_23' title="bbox 322 2596 2458 2678; baseline 0 -24"><span class='ocrx_word' id='word_1_210' title='bbox 322 2596 568 2654; x_wconf 71' lang='lat' dir='ltr'><strong>obvenit</strong></span> <span class='ocrx_word' id='word_1_211' title='bbox 603 2597 766 2674; x_wconf 92' lang='lat' dir='ltr'><strong>quod</strong></span> <span class='ocrx_word' id='word_1_212' title='bbox 806 2599 922 2655; x_wconf 90' lang='lat' dir='ltr'><strong>scit</strong></span> <span class='ocrx_word' id='word_1_213' title='bbox 956 2599 1319 2666; x_wconf 76' lang='lat' dir='ltr'><strong>insincerum</strong></span> <span class='ocrx_word' id='word_1_214' title='bbox 1364 2603 1424 2655; x_wconf 93' lang='lat' dir='ltr'><strong>et</strong></span> <span class='ocrx_word' id='word_1_215' title='bbox 1461 2596 1750 2672; x_wconf 89' lang='lat' dir='ltr'><strong>injustum</strong></span> <span class='ocrx_word' id='word_1_216' title='bbox 1791 2598 1960 2670; x_wconf 82' lang='lat' dir='ltr'><strong>esse,</strong></span> <span class='ocrx_word' id='word_1_217' title='bbox 2021 2598 2098 2655; x_wconf 89' lang='lat' dir='ltr'><strong>ad</strong></span> <span class='ocrx_word' id='word_1_218' title='bbox 2125 2596 2290 2678; x_wconf 89' lang='lat' dir='ltr'><strong>quod</strong></span> <span class='ocrx_word' id='word_1_219' title='bbox 2327 2598 2458 2655; x_wconf 86' lang='lat' dir='ltr'><strong>ani-</strong></span> 
     </span>
     <span class='ocr_line' id='line_1_24' title="bbox 321 2696 2480 2774; baseline -0.002 -16"><span class='ocrx_word' id='word_1_220' title='bbox 321 2713 457 2758; x_wconf 86' lang='lat' dir='ltr'><strong>mus</strong></span> <span class='ocrx_word' id='word_1_221' title='bbox 508 2697 640 2774; x_wconf 88' lang='lat' dir='ltr'><strong>ejus</strong></span> <span class='ocrx_word' id='word_1_222' title='bbox 685 2698 903 2772; x_wconf 79' lang='lat' dir='ltr'><strong>fertur,</strong></span> <span class='ocrx_word' id='word_1_223' title='bbox 975 2703 1042 2755; x_wconf 93' lang='lat' dir='ltr'><strong>ut</strong></span> <span class='ocrx_word' id='word_1_224' title='bbox 1077 2699 1300 2773; x_wconf 87' lang='lat' dir='ltr'><strong>cogitet</strong></span> <span class='ocrx_word' id='word_1_225' title='bbox 1340 2696 1500 2773; x_wconf 92' lang='lat' dir='ltr'><strong>quod</strong></span> <span class='ocrx_word' id='word_1_226' title='bbox 1536 2713 1654 2754; x_wconf 89' lang='lat' dir='ltr'><strong>non</strong></span> <span class='ocrx_word' id='word_1_227' title='bbox 1692 2697 2029 2755; x_wconf 86' lang='lat' dir='ltr'><strong>faciendum</strong></span> <span class='ocrx_word' id='word_1_228' title='bbox 2071 2700 2151 2756; x_wconf 90' lang='lat' dir='ltr'><strong>sit</strong></span> <span class='ocrx_word' id='word_1_229' title='bbox 2187 2699 2328 2772; x_wconf 89' lang='lat' dir='ltr'><strong>quia</strong></span> <span class='ocrx_word' id='word_1_230' title='bbox 2364 2703 2480 2772; x_wconf 26' lang='lat' dir='ltr'><strong>est·</strong></span> 
     </span>
     <span class='ocr_line' id='line_1_25' title="bbox 320 2797 2459 2876; baseline -0.002 -18"><span class='ocrx_word' id='word_1_231' title='bbox 320 2804 531 2858; x_wconf 88' lang='lat' dir='ltr'><strong>contra</strong></span> <span class='ocrx_word' id='word_1_232' title='bbox 570 2804 907 2876; x_wconf 83' lang='lat' dir='ltr'><strong>praecepta</strong></span> <span class='ocrx_word' id='word_1_233' title='bbox 954 2797 1205 2872; x_wconf 86' lang='lat' dir='ltr'><strong>Divina3</strong></span> <span class='ocrx_word' id='word_1_234' title='bbox 1261 2800 1313 2857; x_wconf 85' lang='lat' dir='ltr'><strong>si</strong></span> <span class='ocrx_word' id='word_1_235' title='bbox 1358 2798 1538 2858; x_wconf 92' lang='lat' dir='ltr'><strong>homo</strong></span> <span class='ocrx_word' id='word_1_236' title='bbox 1582 2799 1882 2856; x_wconf 81' lang='lat' dir='ltr'><strong>assuescit</strong></span> <span class='ocrx_word' id='word_1_237' title='bbox 1922 2800 2009 2857; x_wconf 90' lang='lat' dir='ltr'><strong>ita</strong></span> <span class='ocrx_word' id='word_1_238' title='bbox 2044 2799 2340 2875; x_wconf 85' lang='lat' dir='ltr'><strong>cogitare,</strong></span> <span class='ocrx_word' id='word_1_239' title='bbox 2397 2802 2459 2855; x_wconf 94' lang='lat' dir='ltr'><strong>et</strong></span> 
     </span>
     <span class='ocr_line' id='line_1_26' title="bbox 321 2897 2452 2976; baseline -0.001 -18"><span class='ocrx_word' id='word_1_240' title='bbox 321 2916 396 2958; x_wconf 81' lang='lat' dir='ltr'><strong>ex</strong></span> <span class='ocrx_word' id='word_1_241' title='bbox 437 2900 835 2969; x_wconf 85' lang='lat' dir='ltr'><strong>assuetudine</strong></span> <span class='ocrx_word' id='word_1_242' title='bbox 872 2898 1054 2959; x_wconf 89' lang='lat' dir='ltr'><strong>trahit</strong></span> <span class='ocrx_word' id='word_1_243' title='bbox 1093 2898 1353 2974; x_wconf 87' lang='lat' dir='ltr'><strong>aliquem</strong></span> <span class='ocrx_word' id='word_1_244' title='bbox 1390 2897 1688 2972; x_wconf 84' lang='lat' dir='ltr'><strong>habitum,</strong></span> <span class='ocrx_word' id='word_1_245' title='bbox 1759 2905 1900 2957; x_wconf 90' lang='lat' dir='ltr'><strong>tunc</strong></span> <span class='ocrx_word' id='word_1_246' title='bbox 1954 2897 2268 2976; x_wconf 87' lang='lat' dir='ltr'><strong>paullatim</strong></span> <span class='ocrx_word' id='word_1_247' title='bbox 2304 2914 2452 2957; x_wconf 92' lang='lat' dir='ltr'><strong>con-</strong></span> 
     </span>
     <span class='ocr_line' id='line_1_27' title="bbox 310 2998 2455 3078; baseline -0.001 -20"><span class='ocrx_word' id='word_1_248' title='bbox 310 3000 585 3077; x_wconf 86' lang='lat' dir='ltr'><strong>jungitur</strong></span> <span class='ocrx_word' id='word_1_249' title='bbox 621 3000 821 3077; x_wconf 89' lang='lat' dir='ltr'><strong>coelo;</strong></span> <span class='ocrx_word' id='word_1_250' title='bbox 868 3008 929 3061; x_wconf 90' lang='lat' dir='ltr'><strong>et</strong></span> <span class='ocrx_word' id='word_1_251' title='bbox 956 3006 1242 3078; x_wconf 88' lang='lat' dir='ltr'><strong>quantum</strong></span> <span class='ocrx_word' id='word_1_252' title='bbox 1279 3001 1657 3078; x_wconf 85' lang='lat' dir='ltr'><strong>conjungitur</strong></span> <span class='ocrx_word' id='word_1_253' title='bbox 1684 2998 1871 3075; x_wconf 82' lang='lat' dir='ltr'><strong>ecclc,</strong></span> <span class='ocrx_word' id='word_1_254' title='bbox 1909 3005 2141 3059; x_wconf 91' lang='lat' dir='ltr'><strong>tantum</strong></span> <span class='ocrx_word' id='word_1_255' title='bbox 2170 3002 2455 3076; x_wconf 86' lang='lat' dir='ltr'><strong>aperiun-</strong></span> 
     </span>
     <span class='ocr_line' id='line_1_28' title="bbox 315 3099 2449 3183; baseline 0 -25"><span class='ocrx_word' id='word_1_256' title='bbox 315 3099 766 3179; x_wconf 81' lang='lat' dir='ltr'><strong>tur&#39;superiora</strong></span> <span class='ocrx_word' id='word_1_257' title='bbox 803 3120 957 3178; x_wconf 86' lang='lat' dir='ltr'><strong>quae</strong></span> <span class='ocrx_word' id='word_1_258' title='bbox 1003 3103 1217 3165; x_wconf 89' lang='lat' dir='ltr'><strong>mentis</strong></span> <span class='ocrx_word' id='word_1_259' title='bbox 1258 3102 1390 3177; x_wconf 88' lang='lat' dir='ltr'><strong>ejus</strong></span> <span class='ocrx_word' id='word_1_260' title='bbox 1443 3106 1615 3174; x_wconf 88' lang='lat' dir='ltr'><strong>sunt,</strong></span> <span class='ocrx_word' id='word_1_261' title='bbox 1677 3106 1736 3159; x_wconf 89' lang='lat' dir='ltr'><strong>et</strong></span> <span class='ocrx_word' id='word_1_262' title='bbox 1772 3108 2059 3183; x_wconf 88' lang='lat' dir='ltr'><strong>quantum</strong></span> <span class='ocrx_word' id='word_1_263' title='bbox 2094 3099 2203 3160; x_wconf 89' lang='lat' dir='ltr'><strong>illa</strong></span> <span class='ocrx_word' id='word_1_264' title='bbox 2244 3102 2449 3177; x_wconf 89' lang='lat' dir='ltr'><strong>aperi-</strong></span> 
     </span>
     <span class='ocr_line' id='line_1_29' title="bbox 315 3202 2448 3279; baseline -0 -20"><span class='ocrx_word' id='word_1_265' title='bbox 315 3209 524 3276; x_wconf 89' lang='lat' dir='ltr'><strong>untur,</strong></span> <span class='ocrx_word' id='word_1_266' title='bbox 579 3210 810 3262; x_wconf 89' lang='lat' dir='ltr'><strong>tantum</strong></span> <span class='ocrx_word' id='word_1_267' title='bbox 859 3202 1025 3262; x_wconf 88' lang='lat' dir='ltr'><strong>videt</strong></span> <span class='ocrx_word' id='word_1_268' title='bbox 1074 3202 1214 3278; x_wconf 89' lang='lat' dir='ltr'><strong>quid</strong></span> <span class='ocrx_word' id='word_1_269' title='bbox 1272 3204 1637 3261; x_wconf 81' lang='lat' dir='ltr'><strong>insincerum</strong></span> <span class='ocrx_word' id='word_1_270' title='bbox 1674 3207 1737 3258; x_wconf 86' lang='lat' dir='ltr'><strong>et</strong></span> <span class='ocrx_word' id='word_1_271' title='bbox 1781 3202 2095 3279; x_wconf 88' lang='lat' dir='ltr'><strong>injustum,</strong></span> <span class='ocrx_word' id='word_1_272' title='bbox 2153 3208 2213 3260; x_wconf 92' lang='lat' dir='ltr'><strong>et</strong></span> <span class='ocrx_word' id='word_1_273' title='bbox 2254 3219 2448 3278; x_wconf 89' lang='lat' dir='ltr'><strong>quan-</strong></span> 
     </span>
     <span class='ocr_line' id='line_1_30' title="bbox 318 3300 2449 3380; baseline -0.001 -19"><span class='ocrx_word' id='word_1_274' title='bbox 318 3310 440 3362; x_wconf 91' lang='lat' dir='ltr'><strong>tum</strong></span> <span class='ocrx_word' id='word_1_275' title='bbox 477 3304 630 3363; x_wconf 86' lang='lat' dir='ltr'><strong>haec</strong></span> <span class='ocrx_word' id='word_1_276' title='bbox 680 3305 846 3364; x_wconf 83' lang='lat' dir='ltr'><strong>videt</strong></span> <span class='ocrx_word' id='word_1_277' title='bbox 893 3309 1121 3363; x_wconf 89' lang='lat' dir='ltr'><strong>tantum</strong></span> <span class='ocrx_word' id='word_1_278' title='bbox 1159 3303 1379 3362; x_wconf 88' lang='lat' dir='ltr'><strong>discuti</strong></span> <span class='ocrx_word' id='word_1_279' title='bbox 1404 3309 1699 3380; x_wconf 77' lang='lat' dir='ltr'><strong>possunt,</strong></span> <span class='ocrx_word' id='word_1_280' title='bbox 1757 3320 1890 3360; x_wconf 89' lang='lat' dir='ltr'><strong>nam</strong></span> <span class='ocrx_word' id='word_1_281' title='bbox 1940 3303 2161 3361; x_wconf 88' lang='lat' dir='ltr'><strong>malum</strong></span> <span class='ocrx_word' id='word_1_282' title='bbox 2205 3300 2449 3378; x_wconf 88' lang='lat' dir='ltr'><strong>aliquod</strong></span> 
     </span>
     <span class='ocr_line' id='line_1_31' title="bbox 316 3402 2448 3482; baseline 0 -21"><span class='ocrx_word' id='word_1_283' title='bbox 316 3421 435 3462; x_wconf 87' lang='lat' dir='ltr'><strong>non</strong></span> <span class='ocrx_word' id='word_1_284' title='bbox 483 3411 686 3482; x_wconf 90' lang='lat' dir='ltr'><strong>potest</strong></span> <span class='ocrx_word' id='word_1_285' title='bbox 737 3406 954 3465; x_wconf 86' lang='lat' dir='ltr'><strong>discuti</strong></span> <span class='ocrx_word' id='word_1_286' title='bbox 1003 3422 1182 3480; x_wconf 89' lang='lat' dir='ltr'><strong>quam</strong></span> <span class='ocrx_word' id='word_1_287' title='bbox 1227 3411 1550 3481; x_wconf 88' lang='lat' dir='ltr'><strong>postquam</strong></span> <span class='ocrx_word' id='word_1_288' title='bbox 1605 3402 1871 3461; x_wconf 88' lang='lat' dir='ltr'><strong>videtur:</strong></span> <span class='ocrx_word' id='word_1_289' title='bbox 1936 3402 2033 3461; x_wconf 92' lang='lat' dir='ltr'><strong>hic</strong></span> <span class='ocrx_word' id='word_1_290' title='bbox 2086 3407 2300 3460; x_wconf 76' lang='lat' dir='ltr'><strong>status·</strong></span> <span class='ocrx_word' id='word_1_291' title='bbox 2338 3408 2448 3469; x_wconf 80' lang='lat' dir='ltr'><strong>est,</strong></span> 
     </span>
     <span class='ocr_line' id='line_1_32' title="bbox 274 3504 2448 3580; baseline -0.002 -18"><span class='ocrx_word' id='word_1_292' title='bbox 274 3508 373 3562; x_wconf 90' lang='lat' dir='ltr'><strong>·in</strong></span> <span class='ocrx_word' id='word_1_293' title='bbox 425 3523 604 3580; x_wconf 89' lang='lat' dir='ltr'><strong>quem</strong></span> <span class='ocrx_word' id='word_1_294' title='bbox 650 3505 827 3564; x_wconf 91' lang='lat' dir='ltr'><strong>homo</strong></span> <span class='ocrx_word' id='word_1_295' title='bbox 881 3523 954 3564; x_wconf 81' lang='lat' dir='ltr'><strong>ex</strong></span> <span class='ocrx_word' id='word_1_296' title='bbox 1004 3505 1195 3564; x_wconf 89' lang='lat' dir='ltr'><strong>libero</strong></span> <span class='ocrx_word' id='word_1_297' title='bbox 1247 3508 1469 3563; x_wconf 88' lang='lat' dir='ltr'><strong>intrare</strong></span> <span class='ocrx_word' id='word_1_298' title='bbox 1525 3508 1755 3579; x_wconf 88' lang='lat' dir='ltr'><strong>potest,</strong></span> <span class='ocrx_word' id='word_1_299' title='bbox 1824 3520 1960 3559; x_wconf 91' lang='lat' dir='ltr'><strong>nam</strong></span> <span class='ocrx_word' id='word_1_300' title='bbox 2012 3504 2145 3578; x_wconf 88' lang='lat' dir='ltr'><strong>quis</strong></span> <span class='ocrx_word' id='word_1_301' title='bbox 2197 3519 2315 3560; x_wconf 92' lang='lat' dir='ltr'><strong>non</strong></span> <span class='ocrx_word' id='word_1_302' title='bbox 2372 3519 2448 3559; x_wconf 77' lang='lat' dir='ltr'><strong>ex</strong></span> 
     </span>
     <span class='ocr_line' id='line_1_33' title="bbox 313 3602 2441 3682; baseline -0.001 -21"><span class='ocrx_word' id='word_1_303' title='bbox 313 3604 504 3663; x_wconf 80' lang='lat' dir='ltr'><strong>libero</strong></span> <span class='ocrx_word' id='word_1_304' title='bbox 545 3607 631 3664; x_wconf 87' lang='lat' dir='ltr'><strong>ita</strong></span> <span class='ocrx_word' id='word_1_305' title='bbox 679 3609 947 3682; x_wconf 82' lang='lat' dir='ltr'><strong>cogitare</strong></span> <span class='ocrx_word' id='word_1_306' title='bbox 989 3611 1219 3680; x_wconf 86' lang='lat' dir='ltr'><strong>potest:</strong></span> <span class='ocrx_word' id='word_1_307' title='bbox 1270 3611 1332 3662; x_wconf 86' lang='lat' dir='ltr'><strong>at</strong></span> <span class='ocrx_word' id='word_1_308' title='bbox 1381 3621 1517 3662; x_wconf 91' lang='lat' dir='ltr'><strong>cum</strong></span> <span class='ocrx_word' id='word_1_309' title='bbox 1561 3604 1827 3660; x_wconf 85' lang='lat' dir='ltr'><strong>initiatus</strong></span> <span class='ocrx_word' id='word_1_310' title='bbox 1875 3608 1998 3676; x_wconf 88' lang='lat' dir='ltr'><strong>est,</strong></span> <span class='ocrx_word' id='word_1_311' title='bbox 2050 3607 2189 3660; x_wconf 91' lang='lat' dir='ltr'><strong>tunc</strong></span> <span class='ocrx_word' id='word_1_312' title='bbox 2224 3602 2441 3661; x_wconf 89' lang='lat' dir='ltr'><strong>Domi-</strong></span> 
     </span>
     <span class='ocr_line' id='line_1_34' title="bbox 311 3702 2443 3782; baseline -0 -19"><span class='ocrx_word' id='word_1_313' title='bbox 311 3720 427 3763; x_wconf 86' lang='lat' dir='ltr'><strong>nus</strong></span> <span class='ocrx_word' id='word_1_314' title='bbox 476 3711 765 3782; x_wconf 87' lang='lat' dir='ltr'><strong>operatur</strong></span> <span class='ocrx_word' id='word_1_315' title='bbox 811 3708 1007 3763; x_wconf 90' lang='lat' dir='ltr'><strong>omnia</strong></span> <span class='ocrx_word' id='word_1_316' title='bbox 1041 3705 1200 3763; x_wconf 91' lang='lat' dir='ltr'><strong>bona</strong></span> <span class='ocrx_word' id='word_1_317' title='bbox 1242 3703 1405 3780; x_wconf 89' lang='lat' dir='ltr'><strong>apud</strong></span> <span class='ocrx_word' id='word_1_318' title='bbox 1455 3703 1651 3775; x_wconf 88' lang='lat' dir='ltr'><strong>illum,</strong></span> <span class='ocrx_word' id='word_1_319' title='bbox 1710 3708 1769 3761; x_wconf 90' lang='lat' dir='ltr'><strong>et</strong></span> <span class='ocrx_word' id='word_1_320' title='bbox 1816 3703 1959 3761; x_wconf 84' lang='lat' dir='ltr'><strong>facit</strong></span> <span class='ocrx_word' id='word_1_321' title='bbox 2004 3708 2073 3760; x_wconf 94' lang='lat' dir='ltr'><strong>ut</strong></span> <span class='ocrx_word' id='word_1_322' title='bbox 2112 3720 2229 3760; x_wconf 89' lang='lat' dir='ltr'><strong>non</strong></span> <span class='ocrx_word' id='word_1_323' title='bbox 2265 3702 2443 3762; x_wconf 89' lang='lat' dir='ltr'><strong>modo</strong></span> 
     </span>
     <span class='ocr_line' id='line_1_35' title="bbox 312 3802 2443 3887; baseline -0 -24"><span class='ocrx_word' id='word_1_324' title='bbox 312 3805 517 3864; x_wconf 86' lang='lat' dir='ltr'><strong>videat</strong></span> <span class='ocrx_word' id='word_1_325' title='bbox 545 3806 735 3880; x_wconf 87' lang='lat' dir='ltr'><strong>mala,</strong></span> <span class='ocrx_word' id='word_1_326' title='bbox 789 3805 905 3864; x_wconf 86' lang='lat' dir='ltr'><strong>sed</strong></span> <span class='ocrx_word' id='word_1_327' title='bbox 943 3806 1118 3864; x_wconf 89' lang='lat' dir='ltr'><strong>etiam</strong></span> <span class='ocrx_word' id='word_1_328' title='bbox 1158 3811 1223 3862; x_wconf 92' lang='lat' dir='ltr'><strong>ut</strong></span> <span class='ocrx_word' id='word_1_329' title='bbox 1261 3803 1407 3862; x_wconf 89' lang='lat' dir='ltr'><strong>nolit</strong></span> <span class='ocrx_word' id='word_1_330' title='bbox 1441 3802 1575 3876; x_wconf 85' lang='lat' dir='ltr'><strong>illa,</strong></span> <span class='ocrx_word' id='word_1_331' title='bbox 1634 3809 1694 3862; x_wconf 92' lang='lat' dir='ltr'><strong>et</strong></span> <span class='ocrx_word' id='word_1_332' title='bbox 1732 3802 1987 3879; x_wconf 90' lang='lat' dir='ltr'><strong>denique</strong></span> <span class='ocrx_word' id='word_1_333' title='bbox 2024 3809 2091 3861; x_wconf 92' lang='lat' dir='ltr'><strong>ut</strong></span> <span class='ocrx_word' id='word_1_334' title='bbox 2126 3810 2443 3887; x_wconf 81' lang='lat' dir='ltr'><strong>aversetur</strong></span> 
     </span>
     <span class='ocr_line' id='line_1_36' title="bbox 308 3901 2441 3985; baseline -0 -20"><span class='ocrx_word' id='word_1_335' title='bbox 308 3906 447 3965; x_wconf 74' lang='lat' dir='ltr'><strong>illat</strong></span> <span class='ocrx_word' id='word_1_336' title='bbox 499 3906 616 3966; x_wconf 86' lang='lat' dir='ltr'><strong>hoc</strong></span> <span class='ocrx_word' id='word_1_337' title='bbox 656 3905 1006 3984; x_wconf 81' lang='lat' dir='ltr'><strong>intelligitur-</strong></span> <span class='ocrx_word' id='word_1_338' title='bbox 1041 3922 1157 3982; x_wconf 67' lang='lat' dir='ltr'><strong>per.</strong></span> <span class='ocrx_word' id='word_1_339' title='bbox 1187 3906 1430 3965; x_wconf 90' lang='lat' dir='ltr'><strong>Domini</strong></span> <span class='ocrx_word' id='word_1_340' title='bbox 1478 3904 1698 3974; x_wconf 87' lang='lat' dir='ltr'><strong>verba,</strong></span> <span class='ocrx_word' id='word_1_341' title='bbox 1754 3901 2051 3983; x_wconf 72' lang='lat' dir='ltr'><strong>„Juyum</strong></span> <span class='ocrx_word' id='word_1_342' title='bbox 2088 3923 2296 3965; x_wconf 81' lang='lat' dir='ltr'><strong>meum</strong></span> <span class='ocrx_word' id='word_1_343' title='bbox 2317 3904 2441 3985; x_wconf 85' lang='lat' dir='ltr'><strong>sa-</strong></span> 
     </span>
     <span class='ocr_line' id='line_1_37' title="bbox 311 4002 2443 4082; baseline -0.001 -16"><span class='ocrx_word' id='word_1_344' title='bbox 311 4003 434 4066; x_wconf 82' lang='lat' dir='ltr'><strong>cile</strong></span> <span class='ocrx_word' id='word_1_345' title='bbox 466 4012 590 4082; x_wconf 76' lang='lat' dir='ltr'><strong>est,</strong></span> <span class='ocrx_word' id='word_1_346' title='bbox 648 4012 709 4067; x_wconf 82' lang='lat' dir='ltr'><strong>et</strong></span> <span class='ocrx_word' id='word_1_347' title='bbox 742 4026 903 4068; x_wconf 76' lang='lat' dir='ltr'><strong>onus</strong></span> <span class='ocrx_word' id='word_1_348' title='bbox 937 4024 1147 4067; x_wconf 82' lang='lat' dir='ltr'><strong>meum</strong></span> <span class='ocrx_word' id='word_1_349' title='bbox 1186 4002 1330 4079; x_wconf 79' lang='lat' dir='ltr'><strong>leve,</strong></span> <span class='ocrx_word' id='word_1_350' title='bbox 1346 4008 1384 4040; x_wconf 88' lang='lat'><em>“</em></span> <span class='ocrx_word' id='word_1_351' title='bbox 1436 4005 1666 4064; x_wconf 88' lang='lat' dir='ltr'><strong>Matth:</strong></span> <span class='ocrx_word' id='word_1_352' title='bbox 1711 4003 1837 4064; x_wconf 88' lang='lat' dir='ltr'><strong>XI:</strong></span> <span class='ocrx_word' id='word_1_353' title='bbox 1887 4006 1995 4066; x_wconf 89' lang='lat'><strong>30.</strong></span> <span class='ocrx_word' id='word_1_354' title='bbox 2080 4004 2203 4065; x_wconf 86' lang='lat' dir='ltr'><strong>Sed</strong></span> <span class='ocrx_word' id='word_1_355' title='bbox 2242 4008 2443 4065; x_wconf 89' lang='lat' dir='ltr'><strong>scien-</strong></span> 
     </span>
     <span class='ocr_line' id='line_1_38' title="bbox 314 4105 2446 4185; baseline -0 -21"><span class='ocrx_word' id='word_1_356' title='bbox 314 4106 458 4165; x_wconf 89' lang='lat' dir='ltr'><strong>dum</strong></span> <span class='ocrx_word' id='word_1_357' title='bbox 502 4114 627 4184; x_wconf 89' lang='lat' dir='ltr'><strong>est,</strong></span> <span class='ocrx_word' id='word_1_358' title='bbox 685 4108 845 4185; x_wconf 89' lang='lat' dir='ltr'><strong>quod</strong></span> <span class='ocrx_word' id='word_1_359' title='bbox 881 4107 1203 4168; x_wconf 87' lang='lat' dir='ltr'><strong>difficultas</strong></span> <span class='ocrx_word' id='word_1_360' title='bbox 1241 4109 1327 4165; x_wconf 89' lang='lat' dir='ltr'><strong>ita</strong></span> <span class='ocrx_word' id='word_1_361' title='bbox 1364 4106 1691 4184; x_wconf 85' lang='lat' dir='ltr'><strong>cogitandi,</strong></span> <span class='ocrx_word' id='word_1_362' title='bbox 1748 4112 1808 4166; x_wconf 92' lang='lat' dir='ltr'><strong>et</strong></span> <span class='ocrx_word' id='word_1_363' title='bbox 1849 4123 2089 4183; x_wconf 87' lang='lat' dir='ltr'><strong>quoque</strong></span> <span class='ocrx_word' id='word_1_364' title='bbox 2124 4105 2446 4167; x_wconf 89' lang='lat' dir='ltr'><strong>resistendi</strong></span> 
     </span>
     <span class='ocr_line' id='line_1_39' title="bbox 310 4200 2440 4289; baseline -0.001 -24"><span class='ocrx_word' id='word_1_365' title='bbox 310 4206 487 4266; x_wconf 88' lang='lat' dir='ltr'><strong>malis</strong></span> <span class='ocrx_word' id='word_1_366' title='bbox 531 4214 797 4284; x_wconf 85' lang='lat' dir='ltr'><strong>crescat,</strong></span> <span class='ocrx_word' id='word_1_367' title='bbox 839 4208 1356 4289; x_wconf 15' lang='lat' dir='ltr'><strong>quantum&#39;homo</strong></span> <span class='ocrx_word' id='word_1_368' title='bbox 1395 4226 1468 4267; x_wconf 85' lang='lat' dir='ltr'><strong>ex</strong></span> <span class='ocrx_word' id='word_1_369' title='bbox 1505 4207 1816 4268; x_wconf 81' lang='lat' dir='ltr'><strong>voluntate</strong></span> <span class='ocrx_word' id='word_1_370' title='bbox 1862 4208 2007 4267; x_wconf 84' lang='lat' dir='ltr'><strong>facit</strong></span> <span class='ocrx_word' id='word_1_371' title='bbox 2045 4208 2204 4266; x_wconf 88' lang='lat' dir='ltr'><strong>mala</strong></span> <span class='ocrx_word' id='word_1_372' title='bbox 2218 4227 2258 4282; x_wconf 45' lang='lat'><strong>3¹</strong></span> <span class='ocrx_word' id='word_1_373' title='bbox 2301 4200 2440 4263; x_wconf 52' lang='lat' dir='ltr'><strong>tanss</strong></span> 
     </span>
     <span class='ocr_line' id='line_1_40' title="bbox 314 4305 2439 4408; baseline -0.001 -43"><span class='ocrx_word' id='word_1_374' title='bbox 314 4318 439 4367; x_wconf 86' lang='lat' dir='ltr'><strong>tum</strong></span> <span class='ocrx_word' id='word_1_375' title='bbox 469 4312 623 4369; x_wconf 90' lang='lat' dir='ltr'><strong>enim</strong></span> <span class='ocrx_word' id='word_1_376' title='bbox 666 4314 717 4369; x_wconf 89' lang='lat' dir='ltr'><strong>is</strong></span> <span class='ocrx_word' id='word_1_377' title='bbox 759 4313 1062 4371; x_wconf 81' lang='lat' dir='ltr'><strong>assuescit</strong></span> <span class='ocrx_word' id='word_1_378' title='bbox 1098 4309 1218 4369; x_wconf 89' lang='lat' dir='ltr'><strong>illis</strong></span> <span class='ocrx_word' id='word_1_379' title='bbox 1233 4355 1249 4385; x_wconf 77' lang='grc'>,</span> <span class='ocrx_word' id='word_1_380' title='bbox 1303 4326 1495 4386; x_wconf 88' lang='lat' dir='ltr'><strong>usque</strong></span> <span class='ocrx_word' id='word_1_381' title='bbox 1538 4316 1620 4408; x_wconf 43' lang='lat' dir='ltr'><strong>”ti</strong></span> <span class='ocrx_word' id='word_1_382' title='bbox 1643 4309 1882 4366; x_wconf 83' lang='lat' dir='ltr'><strong>tandem</strong></span> <span class='ocrx_word' id='word_1_383' title='bbox 1926 4324 2041 4364; x_wconf 91' lang='lat' dir='ltr'><strong>non</strong></span> <span class='ocrx_word' id='word_1_384' title='bbox 2082 4307 2281 4367; x_wconf 84' lang='lat' dir='ltr'><strong>videat</strong></span> <span class='ocrx_word' id='word_1_385' title='bbox 2319 4305 2439 4380; x_wconf 76' lang='lat' dir='ltr'><strong>illa,</strong></span> 
     </span>
    </p>
   </div>
  </div>
 </body>
</html>
