3013 5114
590 440 697 494 348
1198 428 1293 483 DE
1339 426 1584 483 COELO
1627 425 1721 481 ET
1760 424 2107 481 INFERNO.

590 589 793 651 Coelo.
893 588 1053 647 Duci
1114 606 1150 647 a
1205 594 1424 659 semet,
1495 594 1592 649 est
1645 604 1683 647 a
1732 587 1986 664 Proprio
2047 603 2193 657 suo,
2277 602 2348 645 ac
2398 584 2721 665 Proprium

588 690 844 750 hominis
896 705 1017 747 non
1071 694 1167 748 est
1221 691 1336 748 nisi
1397 706 1579 766 quam
1640 686 1900 764 malum3
1994 693 2089 747 est
2148 687 2305 746 enim
2385 687 2516 766 ejus
2581 704 2717 747 ma-

589 792 713 851 lum
747 788 1247 864 haereditarium,
1311 789 1472 866 quod
1517 795 1614 850 est
1661 805 1728 848 se
1778 805 1983 848 amare
2021 804 2167 864 prae
2206 786 2372 859 Deo,
2427 804 2499 847 ac
2539 806 2719 847 muu-

588 891 731 949 dum
774 907 925 969 prae
974 888 1159 950 Coelo
1190 886 1336 971 (gg).
1426 889 1622 949 Homo
1657 891 1836 950 toties
1880 890 2216 948 immittitur
2251 890 2312 947 in
2347 904 2522 949 suum
2557 888 2716 948 Pro-

588 992 818 1069 prium,
877 992 964 1049 ita
1007 992 1068 1050 in
1108 1007 1223 1050 sua
1272 989 1434 1049 mala
1469 990 1906 1059 haereditaria,
1970 989 2204 1066 quoties
2254 1004 2323 1047 se
2368 994 2609 1065 spectat
2655 991 2736 1048 inf

589 1091 763 1151 bonis
802 1108 957 1168 quae
993 1090 1171 1164 facit,
1227 1107 1365 1149 nam
1408 1097 1646 1167 spectat
1684 1107 1722 1148 a
1754 1090 1927 1149 bonis
1964 1088 2043 1148 ad
2075 1106 2167 1165 se,
2206 1096 2268 1148 et
2305 1106 2422 1148 non
2459 1107 2497 1148 a
2535 1106 2602 1149 se
2642 1087 2721 1148 ad

590 1192 784 1263 bona,
848 1209 1032 1267 quare
1082 1194 1143 1250 in
1195 1191 1365 1250 bonis
1416 1193 1578 1250 sistit
1625 1193 1941 1268 imaginem
1995 1190 2119 1266 sui,
2181 1198 2244 1250 et
2294 1206 2411 1249 non
2453 1190 2721 1266 aliquam

594 1295 919 1370 imaginem
954 1292 1191 1351 Divini:
1249 1291 1408 1369 quod
1446 1294 1532 1350 ita
1570 1294 1677 1367 sit,
1736 1293 1915 1351 etiam
1950 1308 2062 1368 per
2100 1291 2531 1366 experientiam
2568 1308 2718 1350 con-

589 1394 861 1453 firmatus
898 1409 1058 1466 sum3
1114 1400 1253 1452 sunt
1302 1392 1445 1451 mali
1490 1394 1736 1469 spiritus
1757 1435 1774 1462 ,
1827 1409 2080 1468 quorum
2128 1390 2529 1450 habitationes
2576 1396 2721 1450 sunt

589 1497 654 1553 in
687 1494 880 1569 Plaga
931 1493 1129 1551 media
1165 1495 1322 1551 inter
1374 1491 1858 1568 Septentrionem
1895 1498 1954 1552 et
1990 1491 2378 1553 Occidentem
2415 1491 2529 1551 sub
2568 1508 2717 1552 coe-

590 1594 701 1669 liS,
758 1595 860 1670 qui
894 1592 1116 1652 callent
1155 1599 1346 1651 artem
1373 1580 1725 1652 immittendi
1763 1592 1986 1669 probos
2021 1594 2268 1670 spiritus
2304 1594 2367 1651 in
2401 1594 2717 1670 proprium

588 1693 854 1767 illorum,
920 1699 981 1752 et
1017 1695 1104 1752 sic
1144 1694 1207 1751 in
1258 1692 1416 1751 mala
1463 1696 1620 1752 varii
1658 1696 1928 1771 generis,
1990 1692 2149 1770 quod
2196 1692 2429 1752 faciunt
2471 1673 2585 1770 per
2633 1691 2715 1768 id,

592 1793 755 1872 quod
795 1796 1114 1853 immittant
1160 1794 1296 1854 illos
1349 1796 1408 1853 in
1458 1796 1849 1871 cogitationes
1909 1793 1985 1853 do
2035 1810 2135 1865 se,
2194 1793 2296 1853 vel
2342 1800 2553 1870 aperte
2605 1810 2720 1870 per

587 1895 802 1956 laudes
840 1901 901 1955 et
931 1892 1225 1971 hon‘oreS,
1279 1894 1379 1955 vel
1425 1895 1580 1955 clam
1625 1911 1737 1973 per
1771 1894 2301 1955 determinationes
2339 1894 2721 1954 affectionum

592 1996 831 2057 illorum
885 1996 963 2055 ad
1015 2012 1119 2071 se,
1187 2001 1248 2055 et
1302 2003 1584 2077 quantum
1634 1996 1749 2056 hoc
1792 1995 2090 2071 efficiunt,
2153 2000 2385 2055 tantum
2437 1999 2723 2055 avertunt

589 2098 777 2157 facies
812 2096 1135 2174 proborum
1171 2099 1486 2172 spirituum
1535 2114 1572 2154 a
1618 2096 1832 2171 Coelo,
1882 2103 1944 2155 et
1982 2101 2214 2154 tantum
2255 2111 2494 2172 quoque
2532 2094 2717 2155 intel-

588 2197 813 2256 lectum
851 2212 1057 2254 eorum
1093 2195 1446 2268 obscurant,
1488 2202 1550 2254 et
1577 2196 1831 2255 evocant
1864 2195 2026 2255 mala
2052 2214 2127 2257 ex
2171 2198 2416 2274 proprio
2455 2195 2715 2256 illorum.

752 2297 888 2355 558
915 2284 1010 2382 [8].
1059 2294 1235 2372 Quod
1267 2296 1453 2355 Amor
1488 2298 1585 2355 sui
1619 2299 1698 2355 sit
1734 2298 2048 2374 oppositus
2084 2297 2294 2357 Amori
2330 2314 2476 2375 erga
2509 2299 2721 2374 proxi-

591 2413 790 2471 mum,
853 2394 1044 2455 videri
1091 2402 1297 2472 potest
1341 2414 1415 2455 ex
1465 2399 1694 2473 origine
1733 2404 1795 2456 et
1831 2399 2095 2457 essentia
2129 2399 2475 2475 utriusque3
2529 2398 2721 2458 Amor

591 2498 847 2575 proximi
890 2496 1052 2575 apud
1086 2496 1292 2572 illum,
1348 2498 1447 2575 qui
1483 2499 1546 2557 in
1581 2491 1799 2559 Amore
1839 2501 1935 2557 sui
1974 2504 2099 2575 est,
2153 2499 2396 2560 inchoat
2432 2516 2471 2559 a
2498 2515 2588 2572 se,
2627 2498 2723 2560 di·

589 2601 671 2659 cit
709 2601 895 2673 enim,
963 2598 1123 2675 quod
1171 2601 1423 2675 quisque
1461 2599 1577 2658 sibi
1618 2605 1695 2658 sit
1733 2601 2070 2677 proximu8‚
2124 2607 2185 2660 et
2225 2599 2302 2659 ab
2342 2600 2444 2660 illo
2489 2602 2649 2661 sicut
2683 2618 2724 2661 a

590 2706 798 2760 centro
834 2699 1106 2776 procedit
1145 2698 1221 2758 ad
1263 2716 1468 2759 omnes
1508 2702 1612 2777 qu'i
1646 2717 1853 2759 secum
1896 2718 2081 2759 unum
2118 2701 2377 2771 faciunt,
2439 2718 2577 2761 cum
2621 2701 2721 2762 di-

592 2801 923 2860 minutione
959 2799 1288 2859 secundum
1327 2800 1549 2876 gradus
1589 2800 2020 2878 conjunctionis
2051 2819 2164 2879 per
2193 2818 2457 2862 amorem
2491 2818 2722 2879 secum,

593 2907 653 2961 et
694 2903 797 2976 qui
834 2900 1199 2962 extratillam
1231 2903 1736 2960 consociationem
1772 2909 1942 2974 sunt,
1982 2908 2341 2979 reputantur
2364 2919 2477 2982 pro
2512 2903 2718 2980 nihilo,

591 3007 652 3060 et
689 3002 790 3076 qui
828 3006 1036 3058 contra
1078 3000 1214 3059 illos
1253 3008 1314 3060 et
1349 3001 1589 3060 illorum
1632 3001 1824 3074 mala,
1859 3020 1968 3080 pro
2004 3003 2308 3079 hostibus,
2349 3003 2720 3081 qualescun-

593 3116 710 3175 que
747 3100 899 3169 sint,
953 3100 1461 3176 sivesapienteS,
1513 3103 1641 3161 sive
1692 3102 1900 3179 probi,
1966 3106 2186 3163 sinceri
2235 3109 2340 3164 aut
2375 3104 2549 3183 justi.
2635 3104 2723 3164 At

588 3196 777 3259 Amor
811 3197 1144 3276 spiritualis
1186 3216 1332 3277 erga
1356 3203 1696 3276 proximum
1720 3202 1963 3263 inchoat
1989 3221 2028 3264 a
2051 3204 2334 3278 Domin0‚
2381 3211 2442 3266 et
2467 3206 2546 3266 ab
2570 3205 2720 3284 Ipso

750 3414 878 3486 (gg)
923 3411 1094 3491 Quod
1136 3414 1390 3467 hominis
1429 3414 1771 3487 proprium,
1834 3416 1993 3491 quod
2040 3419 2217 3473 trahit
2256 3418 2648 3474 haereditario
2689 3437 2725 3475 a

592 3490 954 3563 parentibus,
997 3506 1116 3542 non
1151 3491 1224 3544 sit
1249 3490 1375 3544 nisi·
1390 3509 1559 3564 quam
1595 3492 1835 3546 densum
1878 3495 2110 3560 malum,
2153 3512 2222 3548 n:
2266 3503 2396 3557 210.
2426 3503 2556 3557 215.
2589 3503 2722 3557 731.

595 3576 728 3628 876.
773 3573 901 3627 987·
966 3573 1134 3627 1047.
1193 3574 1360 3628 2307.
1421 3575 1590 3628 2308.
1648 3576 1814 3630 3518·
1870 3578 2041 3631 3701.
2098 3579 2264 3631 3812·
2319 3579 2488 3634 8480.
2545 3578 2722 3633 8550.

595 3651 804 3703 10283.
836 3649 1044 3704 10284.
1083 3650 1291 3704 10286.
1326 3652 1533 3705 10731.
1590 3642 1757 3709 Quod
1788 3647 2041 3700 hominis
2071 3648 2380 3719 proprium
2421 3649 2497 3702 sit
2526 3665 2723 3704 amare

596 3735 656 3770 se
700 3735 840 3788 prae
882 3721 1046 3783 Deo,
1104 3729 1161 3773 et
1205 3721 1482 3773 mundum
1524 3738 1664 3793 prae
1705 3720 1919 3786 Coelo,
1984 3732 2043 3777 et
2080 3723 2247 3777 nihili
2291 3723 2484 3778 facere
2525 3724 2724 3797 proxi-

591 3810 747 3844 mum
788 3795 1119 3865 respective
1161 3794 1233 3849 ad
1275 3814 1368 3861 se,
1431 3797 1544 3849 nisi
1586 3796 1763 3850 modo
1806 3808 2052 3869 propter
2107 3816 2199 3862 se,
2262 3800 2340 3854 ita
2382 3811 2593 3864 semet,
2635 3800 2725 3854 sic

593 3865 752 3938 quod
793 3869 866 3920 sit
905 3887 1072 3923 amor
1113 3872 1199 3923 sui
1237 3882 1299 3924 et
1330 3872 1559 3937 mundi,
1617 3890 1688 3931 ης
1735 3881 1862 3935 694.
1907 3881 2036 3934 731.
2081 3882 2252 3936 4317.
2298 3884 2464 3937 5660.
2545 3876 2722 3952 Quod

592 3960 660 3996 cx
698 3958 898 3995 amore
941 3946 1026 3998 sui
1071 3958 1127 3997 et
1169 3946 1390 4011 mundi,
1435 3949 1571 4002 dum
1606 3950 2153 4020 praedominantur,
2200 3953 2393 4005 omnia
2436 3953 2603 4017 mala,
2647 3968 2720 4007 n:

596 4025 763 4078 1307·
810 4025 976 4077 1308.
1036 4027 1203 4079 1321·
1261 4030 1428 4081 1594·
1472 4032 1642 4083 1691·
1687 4034 1855 4088 3413·
1903 4034 2071 4088 7255.
2119 4034 2286 4088 7376·
2333 4036 2501 4090 7480.
2545 4034 2722 4089 7488.

593 4101 762 4155 8318.
807 4101 975 4153 9335.
1019 4100 1189 4154 9348.
1236 4103 1443 4156 10038.
1490 4105 1700 4159 10742.
1805 4103 1966 4178 Quae
2023 4114 2155 4157 sunt
2207 4114 2534 4159 contemtus
2575 4105 2722 4158 alio-

591 4189 752 4234 rum,
816 4168 1152 4234 inimicitia,
1210 4169 1443 4235 odium,
1497 4173 1784 4240 vindicta,
1843 4179 2115 4241 saevitia,
2170 4178 2374 4246 dolus,
2436 4197 2503 4233 n:
2548 4188 2724 4241 6667.

596 4256 762 4307 7372·
807 4254 975 4308 7374.
1020 4253 1187 4308 9348·
1233 4254 1441 4307 10038.
1485 4257 1692 4311 10742·
1783 4253 1858 4306 Et
1898 4253 2055 4326 quod
2097 4271 2165 4308 ex
2206 4256 2293 4310 his
2334 4255 2500 4312 malis
2545 4274 2724 4311 omne

585 4323 791 4379 falsum
836 4323 1127 4390 scaturiat,
1174 4342 1240 4378 n:
1288 4331 1451 4387 1047·
1504 4333 1710 4390 10283.
1756 4336 1958 4393 10284·
2007 4338 2216 4392 10286.
