3013 5114
486 408 691 464 HOMO
732 408 916 463 POST
956 409 1263 466 MORTEM
1305 412 1438 467 EST
1479 413 1551 470 IN
1596 412 1777 469 OMNI
1819 415 2074 481 SENSU,
2119 415 2279 477 ETC.
2364 428 2470 481 ⁶271

349 568 543 649 qualis
593 568 655 626 in
709 583 779 626 se
831 574 962 645 est3
1020 575 1277 647 apparet
1310 574 1653 653 respective
1701 572 2020 633 obscurum
2058 575 2200 652 quid
2249 594 2282 637 e
2316 577 2474 640 facie

344 671 584 733 illorum
619 685 741 728 non
777 669 1142 729 vivificatum
1172 689 1210 729 a
1236 666 1675 733 translucentia
1707 675 1867 734 vitae
1903 677 2231 737 interioris:
2271 679 2475 753 verbo,

346 773 564 834 crescit
598 771 790 831 omnis
836 772 1126 846 perfectio
1174 790 1387 833 versus
1425 776 1739 849 interiora,
1801 783 1860 835 et
1914 776 2210 837 decrescit
2253 796 2472 840 versus

349 874 683 943 exteriora,
737 877 797 930 et
831 873 990 931 sicut
1034 875 1356 951 perfectio,
1421 876 1510 934 ita
1544 893 1783 953 quoque
1824 858 2205 955 pulchritudo
2246 882 2474 951 vcrescit

347 983 412 1038 et
463 973 777 1033 decrescit.
869 973 1010 1033 Vidi
1064 974 1250 1034 facies
1302 976 1627 1052 Angelicas
1676 979 1836 1037 tertii
1880 978 2066 1054 Coeli,
2111 997 2265 1056 quae
2317 981 2470 1041 tales

353 1081 553 1150 erant,
610 1080 676 1132 ut
713 1090 1004 1151 nusquam
1049 1076 1205 1135 ullus
1249 1079 1444 1156 pictor
1487 1084 1700 1153 posset
1734 1081 1893 1138 omni
1929 1086 2058 1139 arte
2098 1097 2212 1140 sua
2246 1081 2472 1160 aliquid

346 1177 486 1238 talis
529 1176 682 1236 lucis
734 1174 876 1235 dare
930 1177 1263 1252 coloribus,
1342 1185 1408 1236 ut
1469 1187 1759 1256 aequaret
1811 1180 2189 1240 millesimam
2235 1191 2471 1260 partem

347 1279 505 1339 lucis
547 1284 609 1337 et
645 1276 835 1353 vitae,
876 1295 1031 1354 quae
1061 1281 1345 1355 apparuit
1383 1281 1445 1337 in
1473 1280 1627 1340 facie
1655 1279 1925 1341 illorum:
1980 1281 2091 1341 sed
2125 1281 2312 1343 facies
2339 1283 2468 1344 An·

344 1379 613 1459 gelorum
649 1376 844 1436 ultimi
881 1377 1047 1438 Coeli
1082 1387 1337 1456 possunt
1372 1380 1750 1457 aliquatenus
1789 1385 2055 1459 aequari.

499 1481 665 1540 460.
733 1479 1036 1539 Arcanum
1075 1481 1373 1559 quoddam
1418 1484 1642 1541 nemini
1678 1482 1874 1543 adhuc
1911 1489 2112 1543 notum
2149 1484 2330 1544 velim
2367 1485 2465 1544 ul-

344 1585 490 1643 timo
527 1579 702 1655 dare,
758 1581 920 1658 quod
955 1589 1080 1657 est,
1135 1583 1291 1659 quod
1340 1601 1512 1643 omne
1567 1583 1789 1643 bonum
1841 1590 1901 1644 et
1935 1573 2179 1662 ver'um,
2235 1586 2395 1663 quod
2431 1603 2469 1647 a

343 1684 602 1746 Domino
637 1682 943 1759 procedit,
1000 1700 1071 1743 ac
1107 1684 1253 1743 facit
1295 1683 1578 1756 Coelum,
1625 1686 1704 1745 sit
1739 1686 1799 1744 in
1834 1686 2027 1745 forma
2059 1687 2348 1755 humana,
2407 1694 2469 1749 et

343 1785 458 1846 hoc
495 1799 613 1842 non
657 1782 851 1841 solum
896 1786 957 1842 in
999 1790 1123 1844 toto
1165 1790 1226 1842 et
1260 1786 1551 1855 maximo,
1603 1785 1716 1845 sed
1766 1789 1945 1845 etiam
1982 1788 2043 1845 in
2080 1791 2240 1849 omni
2290 1797 2466 1867 parte

343 1893 407 1947 et
439 1888 501 1946 in
542 1885 824 1960 minimis3
882 1892 943 1945 et
985 1884 1143 1961 quod
1180 1885 1335 1946 haec
1369 1887 1563 1945 forma
1598 1886 1821 1946 afficiat
1861 1893 2324 1966 unumquemvis
2362 1891 2464 1967 qui

342 1988 558 2064 recipit
601 1985 822 2045 bonum
872 1993 933 2045 et
977 2004 1186 2044 verum
1235 2005 1273 2045 a
1307 1986 1598 2061 Domino,
1653 2004 1723 2046 ac
1763 1988 1945 2046 faciat
2003 1996 2066 2046 ut
2115 1991 2369 2067 quisque
2405 1992 2468 2049 in

343 2087 530 2150 Coelo
573 2088 653 2146 sit
683 2088 745 2144 in
781 2087 971 2146 forma
1006 2087 1266 2146 humana
1303 2088 1637 2147 secundum
1674 2090 2117 2166 receptionem:
2170 2090 2309 2150 inde
2353 2096 2464 2167 est,

344 2187 505 2267 quod
542 2187 790 2248 Coelum
827 2191 905 2248 sit
938 2189 1054 2248 sibi
1102 2189 1294 2249 simile
1330 2191 1390 2248 in
1427 2192 1731 2250 communi
1774 2197 1834 2250 et
1878 2191 1937 2248 in
1973 2190 2349 2268 particulari,
2406 2198 2466 2254 et

341 2288 501 2368 quod
535 2290 726 2363 forma
758 2289 1019 2350 humana
1054 2292 1133 2349 sit
1166 2293 1303 2365 toti,
1343 2293 1422 2350 sit
1469 2293 1660 2350 cuivis
1700 2292 2006 2362 societati,
2057 2298 2118 2351 et
2157 2294 2238 2352 sit
2273 2294 2465 2354 cuivis

338 2390 604 2468 Angelo,
660 2397 727 2450 ut
764 2399 1075 2450 ostensum
1116 2399 1208 2451 est
1242 2393 1303 2450 in
1341 2400 1602 2468 quatuor
1626 2392 1915 2451 Articulis
1944 2409 1982 2450 a
2004 2411 2077 2450 n:
2123 2394 2208 2452 59
2240 2393 2319 2452 ad
2350 2395 2461 2470 86,

343 2493 561 2571 quibus
597 2490 697 2552 hic
734 2492 1074 2551 addendum
1119 2497 1243 2562 est,
1292 2493 1454 2571 quod
1487 2495 1567 2552 sit
1603 2492 1854 2571 singulis
1893 2493 2268 2568 cogi-tationis
2307 2509 2463 2571 quae

341 2612 419 2654 ex
470 2611 670 2654 amore
716 2593 965 2654 coelesti
1022 2593 1185 2671 apud
1237 2594 1525 2672 Angelos
1629 2592 1753 2653 Sed
1807 2592 1922 2652 hoc
1967 2579 2250 2652 arcanum
2304 2592 2465 2654 cadit

339 2713 522 2774 aegre
556 2697 617 2754 in
661 2695 1029 2756 intellectum
1069 2693 1328 2773 alicujus
1377 2695 1667 2769 hominiS,
1732 2711 1941 2754 verum
1988 2693 2150 2754 clare
2184 2695 2247 2755 in
2283 2694 2463 2755 intel-

336 2797 562 2858 lectum
590 2797 995 2875 Angelorum,
1043 2797 1185 2872 quia
1217 2798 1277 2854 in
1311 2795 1449 2856 luce
1490 2794 1645 2855 coeli
1679 2801 1833 2854 sunt.

339 2966 601 3065 Quod
651 2966 915 3038 homo
965 2983 1173 3066 post
1231 2982 1603 3068 mortem
1656 2964 1786 3036 sit
1836 2964 1922 3035 in
1976 2964 2215 3037 omni
2267 2988 2457 3037 sen-

339 3093 473 3157 su,
528 3069 1000 3155 memoria,
1072 3067 1685 3164 cogitatione,
1754 3065 2308 3151 affectione,
2365 3068 2459 3138 in

338 3168 681 3267 quibus
765 3169 852 3239 in
936 3168 1305 3261 mundo,
1389 3185 1479 3240 et
1561 3167 1808 3266 quod
1876 3166 2115 3238 nihil
2183 3166 2460 3240 relin-

478 3286 693 3368 quat
742 3288 1106 3369 praeter
1173 3286 1610 3341 terrestre
1666 3295 1908 3339 suum
1963 3289 2319 3367 corpus.

490 3406 654 3462 461.
712 3403 889 3480 Quod
935 3403 1112 3463 homo
1156 3414 1367 3464 cum'e
1406 3402 1668 3464 naturali
1704 3402 1924 3461 mundo
1976 3403 2039 3460 in
2080 3399 2457 3477 spiritualem

337 3505 585 3577 transit,
643 3504 803 3579 quod
828 3504 896 3564 fit
930 3522 1064 3565 cum
1101 3507 1381 3580 moritur,
1436 3506 1634 3563 omnia
1668 3520 1811 3577 sua,
1867 3518 1979 3561 seu
2021 3518 2176 3579 quae
2214 3502 2308 3558 sui
2342 3500 2456 3561 ho-

336 3605 512 3662 minis
548 3609 715 3671 sunt,
768 3619 973 3663 secum
1010 3605 1193 3679 serat,
1250 3611 1496 3682 praeter
1544 3608 1831 3662 terrestre
1866 3618 2042 3660 suum
2079 3617 2327 3677 corpus,
2383 3619 2460 3663 ex

333 3702 657 3781 multiplici
705 3705 1078 3780 experientia
1122 3711 1410 3764 testatum
1456 3703 1600 3762 mihi
1642 3703 1864 3763 factum
1917 3709 2039 3779 est3
2106 3720 2243 3761 nam
2276 3701 2456 3766 homo

331 3824 468 3868 cum
504 3808 689 3866 intrat
723 3803 1007 3864 mundum
1044 3802 1446 3881 spiritualem,
1503 3820 1615 3863 seu
1651 3805 1832 3862 vitam
1867 3810 2007 3880 post
2055 3811 2340 3881 mortem,
2392 3807 2458 3865 in

334 3924 585 3985 corpore
623 3914 719 3968 est
758 3906 918 3966 sicut
951 3907 1012 3964 in
1048 3904 1300 3978 mundo,
1356 3905 1434 3965 ad
1486 3906 1905 3983 apparentiam
1959 3904 2186 3965 nullum
2238 3904 2456 3967 discri-

330 4026 471 4068 men
537 4016 657 4083 est,
748 4008 1027 4085 quoniam
1084 4024 1204 4067 non
1249 4009 1433 4067 sentit
1468 4013 1529 4068 et
1564 4006 1729 4066 videt
1766 4006 2086 4067 discrimen
2100 4027 2117 4085 3
2171 4007 2285 4068 sed
2317 4024 2457 4068 cor-

332 4125 449 4186 pus
487 4109 619 4186 ejus
659 4109 975 4187 spirituale
1025 4115 1150 4184 est,
1219 4116 1278 4169 et
1316 4111 1403 4168 sic
1439 4127 1478 4168 a
1514 4108 1901 4170 terrestribus
1957 4107 2308 4186 separatum
2343 4124 2459 4169 seu

331 4208 747 4286 purificatum,
806 4217 1032 4271 etcum
1065 4211 1379 4288 spirituale
1424 4213 1615 4289 tangit
1663 4217 1722 4270 et
1756 4210 1924 4270 videt
1960 4208 2306 4286 spirituale,
2362 4212 2459 4268 est

329 4326 579 4388 prorsus
639 4313 795 4372 sicut
843 4329 975 4372 cuin
1024 4311 1298 4371 naturale
1353 4314 1543 4389 tangit
1600 4317 1660 4370 et
1714 4310 1878 4369 videt
1932 4307 2238 4382 naturale;
2319 4305 2457 4365 inde
