3013 5114
838 430 1157 486 DOMINUS
1198 432 1334 484 EST
1380 430 1562 486 DEUS
1605 431 1833 487 COELI.
2372 443 2401 490 :³

276 601 337 653 et
392 592 686 651 revelatio
737 588 840 671 (i);
907 609 1020 667 per
1067 591 1257 650 nubes
1311 591 1680 667 significatur
1739 590 1928 651 Verbi
1988 607 2203 651 sensus
2261 593 2399 652 lite-

275 712 381 752 rae
422 689 531 773 (k),
573 698 635 751 et
668 710 780 768 per
814 693 1067 768 gloriam
1104 692 1292 751 Verbi
1328 708 1543 750 sensus
1580 694 1847 750 internus
1890 688 1988 772 (l);
2042 710 2153 768 per
2191 692 2399 769 Ange-

274 796 368 854 los
404 811 541 853 cum
579 793 726 851 tuba
764 799 824 852 et
861 810 1009 851 voce
1061 811 1276 868 magna
1324 792 1698 868 significatur
1737 792 1985 851 Coelum
2023 793 2181 854 unde
2223 794 2399 852 Divi-

276 914 421 954 num
457 893 687 952 Verum
729 890 858 974 (m).
964 892 1111 953 Inde
1150 899 1426 952 constare
1463 899 1694 968 potest,
1735 893 1894 969 quod
1932 912 2043 969 per
2078 892 2182 953 illa
2217 893 2405 952 verba

275 995 522 1055 Domini
557 993 957 1070 intelligatur,
1016 993 1174 1070 quod
1210 995 1268 1050 in
1316 994 1433 1052 fine
1470 993 1813 1067 Ecclesiae,
1871 994 2106 1069 quando
2143 993 2402 1071 amplius

276 1114 395 1155 non
433 1111 601 1153 amor
637 1100 697 1153 et
731 1095 870 1161 inde
924 1111 1040 1152 non
1078 1093 1258 1164 fides,
1324 1094 1619 1153 Dominus
1656 1100 1977 1170 aperturus
2018 1096 2097 1153 sit
2134 1094 2404 1154 Verbum

278 1195 481 1274 quoad
527 1211 771 1254 sensum
825 1196 958 1272 ejus
1015 1196 1345 1268 internum,
1412 1201 1471 1252 et
1528 1194 1686 1270 quod
1747 1193 2127 1254 revelaturus
2185 1212 2405 1253 arcana

280 1296 468 1356 coeli:
525 1312 783 1369 areana,
825 1313 980 1370 quae
1016 1297 1075 1353 in
1112 1312 1266 1352 nunc
1306 1295 1698 1371 sequentibus
1740 1293 2115 1369 revelantur,
2154 1302 2294 1353 sunt
2330 1294 2403 1352 (16

280 1397 468 1456 00610
507 1401 568 1454 et
612 1395 687 1454 (16
728 1396 1002 1467 Inferno,
1061 1402 1121 1454 et
1167 1394 1345 1453 simul
1380 1395 1454 1454 de
1491 1397 1615 1453 vita
1655 1395 1909 1454 homiuis
1957 1403 2097 1471 post
2133 1402 2400 1453 mortem.

278 1499 479 1556 Homo
528 1495 841 1555 Ecclesiae
879 1496 1057 1554 hodie
1107 1497 1205 1553 vix
1248 1496 1475 1572 aliquid
1511 1498 1673 1555 novit
1709 1496 1784 1554 de
1840 1495 2024 1555 Coelo
2069 1502 2130 1555 et
2173 1495 2248 1554 de
2300 1494 2406 1553 In·-

278 1598 486 1665 serno,
521 1613 632 1655 nec
670 1596 744 1655 (16
783 1596 928 1655 Vita
963 1613 1077 1655 sua
1102 1603 1243 1673 post
1278 1603 1528 1655 mortem
1547 1641 1563 1671 ,
1604 1598 1843 1655 tametsi
1880 1598 2079 1655 onmia
2105 1596 2406 1672 descripta

280 1704 525 1756 exstant
558 1698 620 1754 in
654 1696 890 1773 Verb03
947 1699 1063 1755 imo
1107 1698 1286 1756 etiam
1322 1696 1521 1772 multi,
1579 1700 1680 1774 qui
1722 1700 1878 1755 intra
1913 1695 2245 1756 Ecclesiam
2281 1697 2406 1755 nati

283 1804 451 1873 sunt,
507 1803 730 1874 negant
775 1796 911 1868 illa,
977 1797 1245 1857 dicentes
1299 1796 1479 1857 corde
1529 1816 1669 1873 suo,
1746 1799 1879 1874 quis
1941 1797 2080 1856 inde
2134 1798 2298 1857 venit
2345 1801 2406 1854 et

282 1900 580 1974 narravit3
648 1915 726 1956 ne
779 1899 983 1973 itaque
1037 1897 1158 1955 tale
1208 1899 1587 1973 negativum,
1646 1898 1806 1973 quod
1842 1900 2131 1973 imprimis
2191 1902 2407 1974 regnat

286 1999 453 2076 apud
492 1998 628 2058 illos
670 2000 772 2072 qui
808 1999 998 2056 multa
1035 2015 1067 2056 e
1105 1997 1323 2055 mundo
1367 1999 1634 2073 sapiunt,
1689 1999 1865 2057 etiam
1882 1996 2126 2055 ‘inficiat
2171 2003 2231 2055 et
2267 2013 2403 2055 cor-

281 2107 527 2177 rumpat
582 2096 890 2174 simplices
942 2098 1120 2156 corde
1173 2104 1233 2156 et
1279 2098 1582 2174 simplices
1636 2098 1787 2169 fide,
1853 2098 2058 2156 datum
2109 2103 2202 2156 est
2263 2095 2406 2154 mihi

281 2219 407 2260 una
443 2217 584 2260 esse
627 2216 764 2257 cum
813 2198 1064 2276 Angelis
1080 2243 1096 2273 ,
1170 2205 1230 2258 et
1263 2199 1431 2276 loqui
1482 2216 1616 2259 cum
1663 2199 1783 2258 illis
1833 2201 1991 2258 sicut
2042 2198 2221 2257 homo
2271 2212 2406 2256 cum

279 2302 553 2375 homine,
611 2307 672 2359 et
708 2317 946 2376 quoque
996 2300 1199 2359 videre
1238 2318 1392 2376 quae
1440 2302 1500 2358 in
1542 2300 1774 2370 CoeliS,
1825 2308 1951 2358 tum
1992 2316 2149 2375 quae
2201 2300 2263 2356 in
2298 2296 2402 2356 In-

280 2404 505 2471 ferniS‚
560 2407 621 2460 et
667 2402 782 2460 hoc
826 2418 938 2477 per
973 2400 1259 2460 tredecim
1298 2418 1517 2476 annos;
1575 2404 1664 2459 ita
1698 2418 1855 2460 nunc
1891 2400 1997 2459 illa
2032 2417 2107 2459 ex
2143 2398 2308 2457 Visis
2347 2404 2409 2456 et

281 2503 522 2563 Auditis
558 2501 932 2578 describere,
987 2518 1241 2579 sperans
1282 2504 1369 2562 sic
1405 2502 1801 2578 ignorantiam
1837 2500 2153 2574 illustrari,
2213 2504 2274 2559 et
2306 2500 2404 2556 in-

279 2604 698 2663 credulitatem
748 2603 1053 2680 dissipari.
1135 2601 1311 2677 Quod
1352 2601 1531 2660 hodie
1577 2602 1922 2660 immediata
1960 2600 2099 2658 talis
2140 2598 2407 2658 Revela-

281 2708 365 2762 tio
403 2706 650 2773 existat,
704 2711 798 2763 est
846 2705 988 2780 quia
1021 2702 1127 2761 illa
1173 2710 1265 2761 est
1302 2719 1457 2778 quae
1496 2719 1607 2777 per
1658 2700 2008 2764 Adventum,
2034 2699 2277 2758 Domini
2305 2698 2396 2754 in-

284 2805 589 2881 telligitur.
1622 2820 1627 2824 ·

567 2945 819 3042 Quod
872 2947 1309 3016 Dominus
1365 2946 1482 3016 sit
1535 2948 1768 3015 Deus
1825 2944 2100 3016 Coeli.

496 3076 557 3130 2.
624 3074 891 3132 Primum
945 3075 1057 3132 erit
1111 3076 1267 3132 scire
1321 3075 1454 3148 quis
1502 3073 1675 3131 Deus
1731 3070 1902 3131 Coeli
1954 3078 2074 3141 est,
2128 3072 2406 3146 quoniam

284 3174 527 3249 reliqua
564 3174 701 3231 inde
746 3174 1044 3250 pendentz
1099 3177 1160 3232 in
1194 3174 1490 3234 Universo
1534 3173 1718 3232 00610
1760 3190 1876 3231 non
1924 3173 2078 3231 alius
2129 3173 2409 3248 agnosci-

284 3282 383 3332 tur
418 3291 530 3351 pro
572 3274 707 3332 Deo
740 3273 908 3334 Coeli
943 3292 1123 3351 quam
1154 3273 1333 3334 Solus
1359 3275 1691 3349 Dominus3
1729 3274 1932 3332 dicunt
1967 3273 2048 3331 ibi
2076 3274 2230 3330 sicut
2262 3271 2406 3346 Ipse

282 3374 519 3450 docuit,
587 3373 755 3452 quod
808 3374 988 3437 Unus
1032 3374 1124 3435 eit
1169 3393 1314 3436 cum
1362 3373 1607 3445 Patre;
1667 3373 1835 3453 quod
1872 3372 2077 3433 Pater
2123 3371 2196 3431 in
2230 3368 2402 3450 Ipso,

439 3575 513 3641 (i)
557 3574 728 3651 Quod
768 3557 1049 3624 adveiitus
1090 3568 1327 3628 Domini
1371 3569 1446 3620 sit
1485 3565 1813 3639 praesentia
1854 3564 2041 3633 Ipsius
2082 3563 2142 3615 in
2182 3561 2404 3627 Verbn,

284 3670 349 3705 ac
393 3652 702 3714 revelatio,
746 3666 814 3700 nx
859 3654 1029 3706 3900.
1073 3653 1240 3707 4060·

437 3728 526 3793 (k)
579 3725 749 3804 Quod
794 3723 986 3776 Nubes
1040 3721 1099 3774 in
1142 3721 1344 3776 Verbo
1400 3718 1724 3789 significent
1783 3713 2042 3768 Verbum
2096 3716 2155 3768 in
2207 3713 2397 3778 litera,

282 3820 383 3857 seu
437 3820 666 3857 sensum
722 3800 925 3853 literae
980 3798 1134 3867 ejus,
1197 3814 1265 3849 n:
1320 3802 1491 3856 4060.
1549 3800 1718 3854 4391.
1778 3798 1946 3852 5922.
2004 3798 2172 3853 6343.
2230 3797 2402 3851 6752.

286 3886 455 3941 8106.
500 3886 666 3938 8781.
712 3884 884 3938 9430.
930 3881 1134 3935 10551·
1184 3878 1387 3933 10574·

436 3956 508 4021 (1)
552 3953 727 4033 Quod
762 3950 967 4006 Gloria
1007 3951 1065 4002 in
1102 3949 1304 4003 Verbo
1339 3946 1627 4018 significet
1660 3944 1938 3999 Divinum
1978 3946 2199 3998 Verum
2233 3942 2406 4015 quale

283 4040 369 4083 est
412 4031 469 4083 in
512 4030 728 4094 Coele,
791 4038 849 4081 et
891 4026 1063 4099 quale
1104 4035 1190 4078 est
1231 4024 1289 4076 in
1343 4040 1515 4078 sensu
1556 4022 1790 4075 interno
1833 4020 2050 4086 Verbi,
2118 4037 2187 4072 ne
2233 4025 2404 4081 4809.

282 4114 450 4167 5292.
497 4114 666 4168 5922.
712 4111 879 4164 8267·
925 4109 1095 4163 8427.
1142 4108 1312 4161 9421.
1357 4105 1567 4159 10574.

436 4184 546 4249 (m)
615 4180 787 4259 Quod
827 4180 964 4234 tuba
1008 4195 1107 4231 seu
1147 4175 1395 4230 buccina
1437 4173 1722 4246 significet
1766 4172 2041 4226 Divinum
2083 4174 2303 4224 Verum
2346 4169 2406 4221 in

286 4260 485 4323 coelo,
549 4269 608 4311 et
647 4275 679 4311 e
721 4256 891 4310 coelo
931 4254 1286 4315 revelatum,
1349 4271 1416 4305 n:
1461 4260 1630 4311 8815.
1674 4257 1843 4310 8823.
1885 4256 2073 4315 89155
2136 4246 2407 4300 similiter

284 4351 391 4403 per
433 4352 657 4399 vocem,
702 4352 768 4386 n:
814 4340 982 4394 6971.
1027 4337 1191 4391 9926·
1879 4413 1901 4464 1
1945 4401 1980 4440 q*
