3013 5114
455 361 552 431 DE
599 380 1146 437 CONJUNCTIONE
1208 383 1418 435 coru]
1460 383 1604 437 cim
1650 385 1952 440 HUMANo
1999 387 2301 443 GENERE.
2407 402 2511 452 159

375 562 617 617 eorum,
689 550 751 602 et
796 545 953 601 sistit
1003 545 1268 618 requiem
1318 547 1565 619 mentis,
1632 546 2122 623 tranquillitatem
2178 550 2391 624 animi,
2452 559 2512 610 et

374 647 667 725 gaudium
705 661 775 703 ex
813 643 965 702 illis:
1023 643 1185 720 apud
1212 645 1348 703 illos
1388 653 1590 705 autem
1634 649 1734 724 qui
1778 650 1836 705 in
1877 648 2032 706 malo
2074 656 2210 707 sunt
2248 667 2364 709 non
2400 652 2510 712 da-

356 2577 525 2652 Deo,
584 2579 945 2637 contrarium
986 2583 1183 2635 autem
1227 2576 1455 2636 de‘illis
1496 2579 1599 2652 qui
1635 2575 1791 2633 male
1835 2581 2021 2650 agunt
2059 2590 2130 2631 ac
2172 2576 2351 2650 impie
2392 2575 2486 2633 lo·
2524 2605 2536 2620 κ

359 2686 653 2755 quuntur:
707 2678 858 2736 haec
897 2679 983 2735 ita
1031 2695 1145 2736 non
1192 2683 1449 2754 possunt
1498 2693 1665 2749 esse,
1723 2667 1837 2733 nisi
1875 2675 2100 2732 homini
2140 2674 2481 2752 conjunctio

360 2782 440 2839 sit
479 2798 614 2840 cum
654 2778 868 2854 Coelo,
914 2785 974 2837 et
1003 2780 1342 2856 conjunctio
1384 2794 1518 2837 cum
1544 2777 1783 2837 Inferno
1797 2796 1813 2852 3
1871 2781 1931 2835 et
1966 2777 2081 2835 nisi
2109 2777 2487 2853 conjunctio-

357 2897 468 2941 nes
507 2881 645 2939 illae
683 2882 802 2938 sint
841 2896 974 2938 cum
1013 2880 1144 2955 ejus
1184 2879 1490 2938 voluntate
1521 2885 1581 2938 et
1613 2896 1745 2937 cum
1778 2878 1908 2955 ejus
1945 2876 2289 2954 intellectu,
2346 2896 2485 2938 nam

357 2999 433 3041 ex
473 2981 588 3040 illis
628 2997 845 3057 eorpus
887 2981 1011 3057 agit
1048 2987 1106 3039 et
1146 2997 1212 3039 os
1256 2980 1551 3057 loquitur:
1610 2978 1803 3056 qualis
1838 2979 1943 3038 illa
1984 2980 2322 3058 conjunctio
2366 2987 2481 3051 est,

349 3100 508 3142 nunc
547 3084 793 3142 dicetur.

512 3187 675 3244 292.
729 3182 911 3259 Apud
939 3185 1398 3260 unumquemvis
1440 3183 1738 3242 hominem
1778 3189 1917 3241 sunt
1959 3182 2217 3259 Spiritus
2244 3182 2387 3242 boni
2420 3188 2481 3241 et

353 3293 495 3344 sunt
541 3284 800 3361 Spiritus
847 3284 989 3341 mali
1003 3328 1019 3358 ,
1076 3302 1185 3360 per
1223 3283 1483 3360 Spiritus
1527 3284 1721 3344 ¹bonos
1770 3284 1836 3342 fit
1872 3284 2095 3342 homini
2140 3284 2479 3358 conjunctio

352 3404 489 3445 cum
527 3386 750 3460 Coelo,
808 3395 867 3445 et
902 3402 1013 3460 per
1051 3383 1310 3461 Spiritus
1347 3385 1537 3444 malos
1577 3403 1710 3445 eum
1747 3384 2021 3442 Inferno:
2079 3382 2339 3459 Spiritus
2392 3380 2481 3439 illi

349 3494 492 3546 sunt
541 3491 604 3545 in
652 3486 876 3545 Mundo
931 3487 1280 3562 spirituum,
1353 3488 1453 3564 qui
1503 3493 1596 3545 est
1643 3485 1875 3542 medius
1922 3485 2077 3545 inter
2128 3480 2379 3540 Coelum
2416 3487 2477 3540 et

347 3587 687 3661 Infernum,
756 3588 863 3646 de»
887 3606 1004 3664 quo
1059 3586 1281 3646 Mundo
1330 3590 1389 3645 in
1442 3588 1646 3662 specie
1698 3589 1914 3660 agetur
1947 3584 2007 3640 in
2060 3581 2474 3665 sequentibus,

349 3687 613 3764 Spiritus
681 3688 767 3746 illi
835 3705 969 3745 cum
1032 3688 1109 3745 ad
1158 3688 1459 3746 hominem
1505 3687 1785 3758 veniunt,
1857 3684 2079 3740 intrant
2126 3684 2187 3740 in
2243 3699 2478 3743 omnem

349 3790 488 3866 ejus
536 3792 915 3862 memoriam,
975 3797 1034 3847 et
1069 3789 1206 3846 inde
1244 3790 1302 3846 in
1341 3803 1573 3845 omnem
1614 3785 1743 3861 ejus
1782 3784 2232 3860 cogitationem,
2279 3783 2480 3862 Spiri-

347 3895 445 3948 tus
516 3890 658 3948 mali
701 3892 761 3947 in
822 3890 929 3948 illa
983 3891 1304 3949 memoriae
1355 3894 1414 3945 et
1466 3887 1841 3964 cogitationis
1900 3902 2053 3962 quae
2106 3886 2266 3946 mala
2324 3892 2482 3961 sunt,

503 4070 575 4135 (t)
619 4070 788 4147 Quod
824 4069 1187 4142 cupiditates»,
1234 4086 1379 4141 quae
1414 4078 1546 4121 sunt
1584 4069 1801 4121 amoris
1841 4068 1926 4121 sui
1958 4078 2014 4122 et
2048 4068 2267 4134 mundi,
2309 4086 2477 4139 pror-

351 4160 446 4196 sus
482 4145 684 4199 tollant
717 4165 940 4218 pacem,
984 4165 1052 4197 n:
1098 4154 1262 4206 3170.
1295 4154 1462 4206 5662.
1544 4143 1712 4211 Quod
1758 4144 1992 4217 quidam
2030 4156 2252 4217 ponant
2275 4161 2479 4215 pacem

347 4220 408 4273 in
452 4222 730 4295 irrequie‚
778 4241 843 4276 ac
891 4224 951 4275 in
993 4223 1205 4275 talibus
1253 4240 1400 4294 quae
1441 4233 1573 4276 sunt
1619 4222 1913 4274 contraria
1965 4222 2127 4291 paci,
2182 4238 2250 4271 n:
2307 4228 2474 4280 5662.

346 4298 516 4374 Quod
543 4318 660 4353 non
690 4299 860 4353 detur
888 4301 1020 4364 Pax,
1059 4298 1167 4350 nisi
1210 4298 1555 4369 cupiditates
1584 4298 1717 4349 mali
1749 4296 2007 4348 sublatae
2034 4295 2163 4357 sint,
2206 4312 2261 4345 n:
2306 4302 2471 4354 5662.
