3013 5114
579 447 687 498 196
1197 430 1289 484 DE
1331 427 1567 484 COELO
1609 426 1704 483 ΕΤ
1742 426 2077 485 INFERNO.

580 599 709 658 fieri
742 598 944 673 potest
979 608 1172 668 aeque
1212 590 1552 667 perfectus,
1606 595 1672 647 ut
1706 594 1900 647 status
1938 587 2228 646 infantum
2267 585 2372 661 qui
2406 586 2464 644 in
2500 584 2694 660 coelo,

582 699 633 757 si
661 696 749 756 illi
784 708 1106 771 corporeos
1144 698 1203 751 et
1240 697 1558 750 terrestres
1602 706 1867 762 amoreS,
1922 690 2022 766 qui
2060 695 2197 748 sunt
2234 702 2469 746 amores
2506 688 2602 745 sui
2639 691 2700 745 et

582 798 802 873 mundi,
840 800 1165 869 removent,
1205 799 1266 852 et
1299 792 1432 851 loco
1458 791 1695 852 iUorum
1734 807 1969 850 amores
1999 789 2344 867 spirituales
2380 788 2694 866 recipiunt.

581 969 703 1037 De
760 956 1366 1063 sapientibus
1429 977 1517 1031 et
1580 957 2182 1058 simplicibus
2256 958 2345 1026 in
2401 954 2691 1028 Coelo.

740 1099 902 1159 346.
986 1095 1262 1156 Creditur
1310 1095 1471 1173 quod
1520 1092 1837 1170 Sapientes
1902 1093 2151 1170 gloriam
2208 1099 2266 1151 et
2316 1091 2699 1150 eminentiam

580 1216 727 1278 prae
778 1197 1163 1277 Simplioibus
1212 1198 1271 1254 in
1321 1194 1503 1255 Coelo
1558 1194 1819 1253 habituri
1872 1196 2019 1263 sint,
2081 1195 2221 1270 quia
2282 1193 2493 1251 dieitur
2537 1189 2703 1268 apud

581 1300 929 1375 Danielem,
994 1294 1477 1377 „Intelliyentes
1530 1292 1938 1374 splendebunt
1988 1293 2157 1354 sicut
2200 1291 2531 1373 splendore
2580 1310 2697 1353 em-

574 1400 775 1481 pansi
786 1420 816 1471 ;
877 1406 938 1461 et
955 1398 1394 1482 justificantes
1437 1393 1677 1457 multos
1711 1394 1880 1455 sicut
1921 1391 2143 1455 stellae
2191 1395 2260 1454 in
2306 1395 2698 1468 aeternum,“

581 1501 739 1562 XII:
800 1502 867 1577 33
920 1499 1029 1559 sed
1082 1500 1259 1576 pauci
1305 1500 1526 1571 sciunt,
1584 1499 1821 1573 quinam
1871 1496 2282 1573 intelliguntur
2317 1514 2425 1573 per
2460 1494 2697 1555 Intelli-

582 1607 792 1680 gentes
847 1608 907 1660 et
954 1619 1064 1677 per
1103 1599 1532 1676 justificantes:
1589 1600 1649 1655 in
1685 1598 1866 1673 vulgo
1903 1598 2192 1671 creditur,
2251 1597 2409 1674 quod
2445 1598 2562 1654 sint
2599 1595 2700 1673 qui

572 1711 869 1763 vocantur
903 1701 1135 1760 Eruditi
1182 1708 1243 1759 et
1290 1701 1497 1774 Docti,
1553 1701 1842 1776 imprimis
1880 1700 1982 1776 qui
2019 1697 2349 1756 docuerunt
2384 1700 2445 1756 in
2480 1690 2699 1755 Eeele-
2759 1748 2772 1758 .

578 1807 701 1878 sia,
754 1821 825 1863 ac
854 1801 1342 1879 praecelluerunt
1383 1800 1518 1859 aliis
1556 1801 1824 1860 doctrina
1860 1806 1919 1858 et
1956 1799 2432 1876 praedieatione,
2491 1804 2551 1857 et
2587 1798 2697 1856 ad-

581 1906 700 1964 huc
751 1906 940 1980 magis
989 1904 1031 1962 ii
1077 1904 1231 1962 inter
1276 1901 1412 1961 illos
1461 1903 1561 1978 qui
1615 1901 1691 1960 ad
1741 1901 1917 1960 fidem
1974 1906 2396 1960 converterunt
2444 1897 2698 1958 multos:

584 2023 789 2066 omnes
826 2005 979 2064 tales
1017 2006 1074 2062 in
1113 2003 1332 2081 mundo
1369 2003 1695 2062 creduntur
1720 2001 2164 2078 IntelligenteS,
2217 2001 2326 2059 sed
2356 2017 2548 2077 usque
2583 2016 2702 2057 non

585 2108 726 2166 sunt
759 2105 1160 2181 intelligentes
1194 2107 1255 2162 in
1294 2104 1491 2175 coelo,
1547 2103 1619 2161 de
1659 2102 1873 2179 quibus
1923 2101 2028 2161 illa
2064 2102 2249 2160 verba
2285 2102 2588 2171 dicuntur,
2650 2100 2705 2159 si

581 2223 700 2265 non
734 2192 1140 2279 Intelligentia
1176 2221 1379 2262 eorum
1408 2205 1484 2262 sit
1523 2202 1927 2280 Intelligentia
1962 2203 2273 2279 eoelestis3
2313 2221 2468 2280 quae
2507 2201 2703 2280 qualis

586 2308 692 2380 sit,
748 2307 808 2364 in
844 2321 999 2363 nunc
1037 2304 1425 2379 sequentibus
1468 2304 1714 2362 dicetur.

743 2407 904 2465 347.
960 2405 1365 2482 Intelligentia
1406 2404 1684 2464 coelestis
1724 2410 1817 2464 est
1850 2403 2244 2481 intelligentia
2277 2407 2543 2479 interior,
2579 2405 2702 2463 ori-

587 2506 749 2568 unda
785 2525 860 2567 ex
897 2524 1097 2567 amore
1137 2507 1291 2583 veri,
1347 2524 1464 2566 non
1506 2511 1754 2585 propter
1790 2505 2052 2584 aliquam
2086 2506 2335 2584 gloriam
2369 2509 2430 2566 in
2466 2505 2706 2576 mund0,

586 2626 699 2668 nee
737 2615 986 2686 propter
1022 2608 1283 2685 aliquam
1319 2608 1569 2685 gloriam
1608 2611 1667 2667 in
1706 2607 1894 2685 coelo,
1935 2609 2044 2667 sed
2078 2615 2323 2685 propter
2358 2610 2555 2686 ipsum
2589 2625 2701 2666 ve-

586 2729 748 2784 rum,
790 2728 907 2786 quo
946 2709 1283 2768 afficiuntur
1325 2717 1384 2768 et
1415 2709 1790 2768 delectantur
1817 2711 2051 2785 intime3
2096 2712 2195 2785 qui
2235 2712 2369 2787 ipso
2397 2727 2541 2768 vero
2571 2707 2703 2767 affi-

587 2812 824 2876 ciuntur
853 2816 912 2868 et
949 2809 1339 2883 delectantur,
1380 2808 1468 2867 illi
1498 2809 1839 2868 afficiuntur
1874 2818 1932 2869 et
1967 2810 2343 2869 delectantur
2362 2811 2498 2870 luce
2528 2808 2701 2884 coeli,

589 2917 648 2968 et
677 2912 777 2985 qui
803 2910 937 2967 luce
968 2908 1119 2968 coeli
1149 2908 1233 2967 illi
1275 2912 1452 2967 etiam
1476 2893 1697 2968 Divino
1728 2909 1909 2986 Ver03
1935 2914 2051 2970 imo
2082 2911 2224 2988 Ipso
2252 2912 2527 2986 Domin0‚
2567 2928 2705 2969 nam

587 3011 715 3068 Lux
749 2998 915 3069 Coeli
948 3015 1041 3068 est
1067 3008 1348 3069 Divinum
1375 3009 1622 3085 Verum,
1656 3018 1715 3070 et
1733 3009 2011 3072 Divinum
2045 3012 2270 3070 Verum
2303 3019 2397 3072 est
2412 3012 2707 3072 Dominus

586 3114 647 3169 in
684 3108 889 3179 Coe10‚
926 3109 1200 3170 videatur
1241 3126 1428 3188 supra
1460 3129 1533 3170 n:
1589 3114 1718 3171 126
1755 3112 1830 3170 ad
1867 3115 2026 3171 140.
2082 3112 2250 3173 Haec
2286 3114 2418 3173 Lux
2455 3130 2575 3172 non
2607 3114 2703 3171 in-

587 3217 707 3270 trat
748 3228 926 3286 quam
964 3213 1023 3268 in
1059 3211 1342 3270 interiora
1377 3213 1621 3285 mentis,
1677 3231 1812 3272 nam
1855 3214 2140 3274 interiora
2180 3217 2394 3273 mentis
2433 3213 2508 3273 ad
2545 3214 2704 3273 reci-

587 3312 868 3390 piendum
906 3311 1068 3370 illam
1105 3311 1301 3371 lucem
1337 3312 1591 3371 formata
1626 3321 1793 3389 sunt,
1849 3320 1909 3373 et
1943 3317 2098 3373 sicut
2147 3318 2328 3374 intrat
2364 3317 2542 3375 etiarn
2570 3313 2732 3380 assis

591 3409 670 3473 eit
707 3419 766 3474 et
803 3412 1095 3483 delectat,
1149 3430 1284 3471 nam
1325 3414 1605 3490 quicquid
1646 3433 1676 3472 e
1715 3414 1881 3474 coelo
1918 3416 2107 3474 influit
2144 3423 2204 3474 et
2239 3419 2556 3493 recipitur,
2596 3416 2704 3492 ju-

590 3515 846 3575 cundum
886 3521 948 3573 et
984 3532 1296 3574 amoenum
1335 3517 1392 3574 in
1428 3531 1495 3574 se
1531 3515 1714 3574 habet
1728 3535 1743 3591 3
1801 3516 2013 3575 exinde
2056 3523 2148 3575 est
2177 3520 2440 3594 genuina
2474 3515 2709 3576 affectio

589 3618 749 3686 veri,
803 3633 956 3692 quae
995 3623 1087 3674 est
1136 3616 1369 3676 affectio
1421 3619 1547 3676 veri
1589 3624 1839 3693 propter
1877 3634 2112 3676 verum:
2168 3621 2272 3695 qui
2305 3620 2362 3676 in
2399 3618 2516 3677 hac
2555 3616 2709 3677 affe-

592 3718 786 3775 ctione
828 3723 993 3790 sunt‚
1047 3733 1156 3775 seu
1197 3718 1358 3794 quod
1391 3718 1583 3791 idem,
1645 3720 1746 3793 qui
1781 3719 1840 3774 in
1876 3717 1990 3776 hoc
2028 3735 2258 3796 amore,
2310 3719 2397 3777 illi
2429 3721 2491 3777 in
2525 3716 2708 3777 intel-

589 3816 836 3892 ligentia
876 3817 1125 3876 coelesti
1161 3825 1328 3892 sunt,
1393 3836 1464 3877 ae
1513 3821 1571 3876 in
1621 3817 1806 3878 Coelo
1842 3817 2161 3895 splendent
2197 3822 2354 3880 sicut
2389 3818 2711 3897 splendore

593 3918 876 3992 expansi3
917 3917 1076 3991 quod
1111 3917 1497 3993 splendeant,
1538 3925 1633 3978 est
1667 3921 1810 3995 quia
1843 3918 2128 3980 Divinum
2165 3921 2410 3994 Verum,
2451 3921 2710 3979 ubicun-

595 4032 710 4091 que
751 4023 846 4076 est
881 4018 940 4073 in
979 4014 1193 4085 Coelo,
1236 4017 1426 4091 lueet,
1484 4018 1759 4078 videatur
1796 4035 1982 4097 supra
2016 4038 2087 4079 n:
2135 4023 2306 4099 1323
2363 4037 2435 4081 ae
2472 4037 2708 4099 expan-

593 4130 725 4175 sum
764 4115 917 4175 coeli
944 4132 1016 4175 ex
1047 4107 1586 4193 correspondentia
1619 4119 1917 4196 significat
1951 4122 2101 4180 illud
2135 4122 2547 4183 intellectuale
2584 4128 2710 4181 tam

567 4217 758 4293 apud
804 4216 1070 4295 Angelos
1118 4234 1297 4293 quam
1344 4218 1508 4295 apud
1551 4219 1823 4279 homines
1884 4224 2044 4297 quod
2095 4226 2154 4282 in
2200 4224 2338 4283 luce
2393 4223 2547 4283 coeli
2598 4226 2711 4282 est.

596 4316 713 4394 Qui
752 4325 947 4380 autem
986 4321 1044 4378 in
1084 4334 1286 4379 amore
1322 4320 1449 4378 veri
1489 4326 1629 4379 sunt
1671 4319 1769 4381 vel
1804 4330 2052 4402 propter
2086 4324 2334 4401 gloriam
2372 4327 2430 4385 in
2465 4323 2709 4399 munde,
