3013 5114
666 453 773 504 ‘292
1281 442 1371 495 DE
1411 441 1650 497 COELO
1695 441 1787 495 ET
1829 441 2168 500 INFERNO.

657 607 889 683 justum
915 623 1031 663 non
1057 609 1307 680 ‘propter
1330 602 1453 672 illa,
1480 602 1589 661 sed
1623 608 1872 679 propter
1898 606 2106 676 semet,
2144 603 2287 679 quia
2312 619 2424 679 per
2458 600 2565 660 illa
2600 620 2786 662 aucu-

665 711 812 783 pant
828 706 1048 763 famam
1063 749 1079 778 ,
1118 704 1377 763 honores
1409 711 1468 763 et
1491 704 1664 763 lucra
1676 724 1693 780 3
1731 703 1818 761 illi
1840 705 1900 761 in
1928 702 2104 777 bono,
2136 705 2368 761 sincero
2399 708 2459 761 et
2473 703 2641 780 justo
2668 722 2788 766 non

665 812 940 884 spectant
974 805 1297 866 Dominum
1340 811 1399 864 et
1434 807 1803 881 proximum,
1859 804 1969 863 sed
2004 821 2072 863 se
2111 811 2170 863 et
2204 803 2521 879 mundum,
2578 821 2648 864 ac
2675 806 2781 884 ju-

665 908 924 966 cundum
960 909 1021 964 in
1055 906 1266 966 fraude
1312 908 1608 981 sentiunt3
1649 923 1719 964 ac
1753 905 2011 975 bonum,
2064 907 2395 978 sincerum,
2455 922 2527 965 ac
2553 906 2784 982 justum

666 1029 738 1068 ex
775 1008 1013 1080 fraude,
1075 1015 1167 1067 est
1202 1008 1453 1077 malum,
1505 1009 1868 1066 insincerum
1905 1012 1966 1064 et
1999 1007 2312 1084 injustum,
2375 1024 2531 1083 quae
2568 1010 2627 1065 in
2659 1007 2779 1066 illis

664 1117 883 1169 amant.
968 1110 1124 1186 Quia
1170 1125 1403 1168 amores
1452 1111 1537 1166 ita
1587 1107 1981 1166 determinant
2034 1109 2217 1165 vitam
2275 1108 2542 1185 cujusvis
2560 1152 2574 1182 ,
2644 1109 2779 1169 ideo

665 1228 900 1282 omneS,
951 1219 1018 1270 ut
1067 1212 1322 1286 primum
1369 1216 1509 1287 post
1558 1216 1805 1267 mortem
1857 1211 1916 1267 in
1963 1208 2248 1267 Mundum
2300 1209 2620 1284 spirituum
2671 1227 2779 1268 ve-

662 1317 860 1387 niunt,
919 1312 1306 1388 explorantur
1349 1311 1558 1387 quales
1608 1316 1776 1382 sunt,
1836 1318 1894 1368 et
1931 1310 2256 1386 alligantur
2295 1309 2411 1367 illis
2449 1312 2552 1387 qui
2590 1313 2652 1370 in
2691 1312 2778 1370 si-

662 1415 786 1473 mili
823 1431 1022 1472 amore
1071 1421 1237 1487 sunt3
1296 1414 1395 1487 qui
1430 1413 1490 1469 in
1528 1428 1727 1468 amore
1767 1410 2041 1485 coelesti,
2080 1411 2197 1468 illis
2237 1413 2338 1486 qui
2373 1414 2431 1469 in
2464 1410 2684 1482 Coelo,
2722 1418 2783 1471 et

664 1517 764 1590 qui
809 1517 869 1572 in
922 1532 1124 1572 ani-ore
1176 1530 1464 1588 corporeo
1509 1511 1626 1571 illis
1679 1514 1779 1588 qui
1822 1515 1884 1569 in
1935 1512 2208 1570 Inferno:
2266 1516 2326 1570 et
2362 1529 2598 1588 quoque
2642 1519 2783 1589 post

662 1621 936 1674 exactum
975 1622 1192 1673 statum
1228 1617 1485 1690 primum
1525 1621 1583 1671 et
1623 1613 1990 1683 secundum,
2044 1620 2401 1689 separantur
2436 1615 2522 1671 ita
2560 1620 2781 1695 utnon

660 1733 726 1773 se
779 1716 1034 1791 amplius
1082 1715 1348 1789 videant,
1404 1731 1515 1774 nec
1565 1731 1631 1771 so
1678 1718 2071 1790 cognoscant3
2126 1713 2192 1772 fit
2241 1715 2393 1773 enim
2446 1718 2776 1792 unusquis-

663 1835 778 1893 que
821 1833 966 1876 suus
1011 1835 1205 1890 amor,
1255 1833 1372 1874 non
1410 1815 1583 1875 modo
1623 1815 1819 1891 quoad
1856 1817 2141 1873 interiora
2183 1833 2336 1890 quae
2365 1817 2579 1873 mentis
2617 1822 2776 1891 sunt,

660 1919 766 1978 sed
812 1921 990 1978 etiam
1028 1917 1227 1994 quoad
1263 1918 1558 1977 exteriora
1597 1933 1750 1993 quae
1784 1917 1984 1986 faciei,
2051 1919 2345 1992 corporis,
2405 1923 2465 1974 et
2499 1917 2781 1994 loquelae

660 2027 828 2093 sunt,
886 2038 1020 2078 nam
1060 2021 1309 2096 quisque
1357 2019 1421 2076 fit
1457 2020 1551 2075 sui
1587 2018 1806 2075 amoris
1846 2018 2104 2094 effigieS,
2168 2019 2344 2076 etiam
2383 2019 2443 2075 in
2480 2018 2778 2077 externis:

659 2124 760 2196 qui
798 2122 1049 2183 Amores
1089 2120 1359 2194 corporei
1397 2125 1564 2190 sunt,
1604 2119 1689 2176 illi
1728 2126 2026 2194 apparent
2062 2119 2271 2192 crassi,
2312 2119 2568 2191 obscuri,
2604 2121 2782 2196 nigri,

659 2228 718 2277 et
772 2221 1098 2293 desorme53
1166 2221 1266 2294 qui
1327 2225 1526 2276 autem
1582 2213 1833 2279 Amores
1889 2220 2187 2279 coelestes
2238 2226 2403 2293 sunt,
2480 2227 2781 2296 apparent

654 2324 873 2397 vegeti,
901 2320 1099 2393 lucidi,
1132 2318 1385 2394 candidi,
1420 2324 1478 2376 et
1504 2319 1773 2396 pulchri:
1807 2327 1946 2378 sunt
1976 2323 2153 2379 etiam
2181 2337 2430 2396 prorsus
2454 2322 2779 2381 dissimiles

654 2424 866 2480 animis
893 2427 950 2480 et
979 2421 1465 2497 cogitationibus3
1503 2423 1603 2496 qui
1631 2423 1884 2480 Amores
1914 2423 2210 2482 coelestes
2241 2427 2396 2497 sunt,
2430 2424 2610 2481 etiam
2636 2430 2783 2482 sunt

656 2524 1058 2599 intelligentes
1101 2530 1160 2582 et
1208 2524 1513 2599 sapientes
1529 2541 1546 2599 3
1603 2526 1706 2600 qui
1745 2528 1942 2583 autem
1999 2524 2253 2583 Amores
2304 2524 2578 2602 corporei
2617 2530 2777 2600 sunt,

660 2626 884 2703 stupidi
922 2632 982 2683 et
1018 2627 1191 2701 quasi
1226 2625 1374 2683 fatui
1410 2631 1566 2684 sunt.
1661 2624 1807 2684 Cum
1853 2626 2027 2683 datur
2061 2627 2360 2702 inspicere
2397 2628 2687 2685 interiora
2722 2633 2784 2686 et

656 2729 953 2786 exteriora
990 2727 1364 2802 cogitationis
1404 2733 1462 2785 et
1498 2726 1824 2785 affectionis
1860 2726 2097 2785 illorum
2148 2729 2247 2803 qui
2283 2728 2343 2785 in
2389 2744 2591 2786 amore
2629 2743 2779 2786 coe-

650 2827 790 2884 lesti
828 2834 992 2900 sunt,
1050 2833 1346 2904 apparent
1381 2829 1667 2885 interiora
1703 2830 1889 2886 instar
1930 2828 2111 2900 luciS,
2169 2827 2537 2903 quorundam
2586 2831 2783 2887 instar

649 2926 802 2984 lucis
835 2928 1178 2996 flammeae,
1229 2933 1288 2983 et
1318 2930 1617 2986 exteriora
1651 2930 1709 2986 in
1740 2932 1907 2988 vario
1942 2929 2142 2987 colore
2194 2928 2442 3004 pulchro
2481 2930 2636 2987 sicut
2664 2931 2778 2988 iri·-

649 3026 786 3100 des3
830 3032 891 3083 at
920 3028 1205 3085 interiora
1231 3027 1464 3085 illorum
1504 3031 1605 3103 qui
1638 3030 1698 3087 in
1729 3046 1929 3089 amore
1963 3047 2250 3105 corporeo
2287 3038 2442 3104 sunt,
2475 3037 2779 3106 apparent

646 3129 802 3184 sicut
852 3127 1115 3202 nigrum,
1181 3129 1321 3202 quia
1362 3128 1572 3186 clausa
1609 3135 1775 3204 sunt,
1835 3137 1894 3189 et
1931 3132 2302 3207 quorundam
2344 3133 2499 3190 sicut
2546 3131 2775 3190 obscu-

646 3246 776 3287 rum
814 3229 1084 3303 igneum,
1140 3229 1241 3303 qui
1281 3234 1421 3286 sunt
1476 3231 1578 3305 qui
1615 3230 1677 3286 in
1724 3230 1861 3289 dolo
1901 3233 2160 3309 maligno
2200 3234 2449 3291 interius
2494 3232 2743 3291 suerunt
2757 3252 2774 3309 3

650 3332 947 3389 exteriora
995 3337 1191 3387 autem
1246 3335 1540 3406 apparent
1591 3332 1649 3387 in
1705 3332 1904 3390 colore
1957 3339 2145 3407 tetr0,
2218 3339 2277 3392 et
2332 3332 2409 3391 ad
2456 3338 2778 3410 aspectum

649 3433 802 3491 tristi
816 3451 831 3509 3
892 3426 1195 3512 (interiora
1239 3438 1299 3490 et
1347 3433 1645 3490 exteriora
1697 3415 1853 3507 quae
1895 3436 2110 3492 mentis
2170 3440 2228 3492 et
2272 3435 2450 3491 animi
2485 3439 2655 3507 sunt,
2715 3437 2778 3493 in

650 3534 870 3593 mundo
929 3533 1228 3610 spirituali
1282 3536 1574 3591 sistuntur
1622 3533 1903 3607 videnda,
1984 3538 2220 3611 quoties
2267 3536 2525 3594 Domino
2573 3533 2770 3595 bene-

645 3631 906 3716 placetz)
991 3634 1108 3709 Qui
1145 3636 1206 3692 in
1256 3651 1457 3694 amore
1512 3651 1800 3711 corporeo
1854 3640 2019 3710 sunt,
2089 3636 2237 3694 nihil
2283 3635 2489 3695 vident
2533 3637 2594 3694 in
2630 3635 2774 3694 luce

580 3716 589 3724 “
646 3733 827 3807 coeli,
885 3736 989 3792 lux
1039 3735 1192 3794 coeli
1220 3736 1336 3794 illis
1377 3741 1468 3794 est
1513 3735 1734 3813 caligO,
1791 3742 1852 3793 at
1889 3735 1990 3794 lux
2028 3737 2272 3811 inser-ni,
2331 3754 2483 3813 quae
2523 3743 2616 3796 est
2647 3737 2775 3795 sic-

640 3840 708 3889 ut
746 3833 848 3891 lux
889 3853 959 3892 ex
999 3837 1197 3909 ignitis
1240 3837 1628 3908 carbonibuS,
1672 3843 1765 3895 est
1799 3836 1917 3895 illis
1948 3839 2102 3895 sicut
2141 3837 2303 3896 clara
2340 3837 2477 3912 lux3
2531 3839 2592 3896 in
2626 3836 2772 3897 luce

641 3932 793 3990 coeli
840 3937 1015 3991 etiam
1057 3934 1482 3993 obtenebratur
1522 3939 1690 3995 visus
1735 3955 1940 3997 eorum
1980 3939 2254 4011 interior,
2311 3954 2504 4015 usque
2553 3944 2622 3996 ut
2668 3939 2809 4006 in-‚

638 4033 901 4106 saniant,
969 4040 1338 4110 quapropter
1373 4036 1608 4110 fugiunt
1647 4037 1838 4111 illam,
1898 4044 1958 4097 et
1992 4038 2324 4098 recondunt
2359 4055 2425 4097 se
2470 4041 2531 4098 in
2572 4040 2769 4098 antris

640 4137 700 4189 et
740 4135 1046 4202 cavernis,
1104 4132 1397 4209 profunde
1456 4137 1784 4195 secundum
1832 4138 1987 4198 falsa
2042 4158 2114 4199 ex
2171 4139 2342 4199 malis
2396 4140 2563 4216 apud
2618 4156 2770 4199 eos:

635 4234 897 4291 vicissim
935 4240 1134 4292 autem
1176 4234 1293 4308 illi,
1351 4235 1451 4311 qui
1489 4237 1548 4292 in
1585 4252 1787 4296 amore
1826 4239 2075 4299 coelesti
2121 4245 2293 4312 sunt,
2350 4243 2468 4317 quo
2505 4241 2766 4300 interius

636 4352 743 4394 seu
788 4337 1066 4414 superius
1103 4338 1160 4395 in
1188 4334 1382 4396 lucem
1424 4334 1592 4395 Coeli
1629 4341 1902 4413 veniunt,
1946 4356 2016 4398 eo
2047 4340 2266 4400 clarius
2306 4342 2503 4399 omnia
2531 4340 2763 4416 vident,
