3013 5114
601 455 673 505 ‘20
1216 446 1306 500 DE
1349 444 1583 500 COELO
1626 443 1719 499 ET
1759 445 2093 506 INFERNO.

601 606 1075 665 communicatio,
1156 605 1246 664 Ex
1281 603 1373 663 his
1411 610 1581 681 patet
1622 605 1781 680 quod
1817 610 1938 664 tres
1989 604 2075 663 illi
2115 603 2283 664 Cocli
2319 606 2476 665 inter
2512 623 2579 665 sc
2617 606 2712 665 di-

806 807 918 866 36.
997 805 1114 881 Qui
1164 812 1366 865 autem
1411 808 1474 863 in
1526 804 1734 864 eodem
1789 803 1972 865 Coelo
2019 813 2187 880 sunt,
2244 806 2331 864 illi
2380 808 2715 866 consociari

591 912 847 983 possunt
885 922 1019 965 cum
1064 906 1519 982 quibuscunque
1558 904 1669 979 ibi,
1726 911 1789 963 at
1826 905 2099 982 jucunda
2150 909 2606 967 consociationis
2643 924 2714 968 se

590 1006 814 1065 habent
869 1006 1198 1065 secundum
1254 1007 1575 1066 affinitates
1632 1005 1805 1077 boni,
1869 1008 1926 1064 in
1972 1006 2188 1082 quibus
2246 1013 2419 1066 sunt:
2475 1007 2585 1067 sed
2637 1008 2714 1068 de

592 1108 682 1165 his
723 1109 783 1165 in
819 1108 1211 1183 sequentibus
1250 1107 1538 1167 articulis

800 1209 912 1267 37.
983 1207 1208 1266 Verum
1260 1211 1499 1267 tametsi
1538 1206 1711 1267 Coeli
1745 1209 1830 1265 ita
1867 1162 2128 1268 distincti
2171 1215 2340 1282 suut,
2396 1215 2462 1266 ut
2496 1209 2716 1286 Angeli

591 1311 769 1368 unius
827 1307 993 1368 Coeli
1042 1325 1161 1365 non
1210 1311 1444 1366 sociare
1501 1311 1741 1385 possint
1805 1310 2225 1367 commercium
2283 1326 2417 1367 cum
2462 1310 2713 1386 Angelis

593 1409 875 1482 alteriuS,
931 1425 1126 1484 usque
1168 1414 1369 1467 tamen
1406 1408 1701 1467 Dominus
1757 1409 2062 1485 conjungit
2111 1426 2316 1467 omnes
2359 1410 2563 1468 coelos
2598 1416 2712 1486 per

590 1508 877 1567 influxum
911 1507 1321 1568 immediatum
1359 1515 1418 1569 et
1453 1509 1798 1581 mediatum,
1837 1527 1947 1584 per
1979 1509 2268 1567 influxum
2303 1509 2712 1569 immediatum

594 1627 669 1667 ex
713 1606 791 1667 Se
828 1611 891 1666 in
935 1625 1143 1667 omnes
1183 1609 1416 1681 coeIOS,
1473 1616 1534 1667 et
1585 1627 1697 1685 per
1741 1609 2067 1668 mediatum
2119 1607 2193 1666 ab
2248 1627 2366 1668 uno
2428 1608 2596 1669 coelo
2646 1612 2710 1669 in

591 1708 847 1767 alterum
887 1703 1034 1789 (ss);
1093 1714 1153 1766 et
1202 1711 1290 1767 sic
1327 1709 1537 1784 efficit,
1593 1716 1661 1768 ut
1696 1715 1817 1767 tres
1857 1709 2009 1769 coeli
2049 1727 2233 1767 unum
2275 1712 2425 1780 sint,
2479 1716 2539 1769 et
2575 1726 2706 1769 om-

588 1825 696 1867 nes
733 1811 794 1866 in
828 1825 988 1867 nexu
1025 1810 1143 1866 sint
1184 1826 1221 1866 a
1247 1810 1446 1868 Primo
1485 1809 1562 1867 ad
1597 1809 1900 1884 ultimum,
1963 1826 2157 1885 usque
2200 1811 2351 1869 adeo
2393 1817 2459 1868 ut
2496 1812 2707 1868 incon·-

588 1926 808 1968 nexum
851 1925 972 1966 non
1025 1908 1228 1985 detur;
1285 1909 1446 1986 quod
1492 1928 1612 1969 non
1662 1928 1998 1969 connexum
2056 1916 2150 1968 est
2193 1929 2304 1987 per
2357 1909 2712 1970 intermedia

591 2027 725 2068 cum
755 2010 974 2084 Primo,
1030 2010 1144 2069 hoc
1173 2029 1283 2070 nec
1312 2009 1603 2080 subsistit,
1641 2009 1750 2070 sed
1777 2010 2104 2088 dissipatur
2147 2018 2207 2070 et
2241 2011 2308 2068 fit
2334 2010 2562 2069 nullum
2593 2006 2710 2091 (tt).

799 2112 908 2169 38.
990 2109 1107 2185 Qui
1142 2129 1260 2168 non
1306 2113 1421 2169 scit
1462 2111 1759 2187 quomodo
1799 2127 1864 2170 se
1924 2110 2108 2169 habet
2145 2127 2279 2170 cum
2318 2110 2541 2171 Ordine
2591 2111 2705 2169 Di-

592 2212 726 2268 vino
772 2208 971 2284 quoad
1026 2211 1275 2286 gradus,
1342 2227 1460 2269 non
1515 2228 1733 2287 capere
1782 2217 1985 2287 potest
2039 2212 2334 2287 quomodo
2392 2211 2560 2271 Coeli
2612 2210 2705 2270 di-

588 2311 788 2368 stincti
842 2316 1012 2379 sunt,
1066 2326 1141 2368 ne
1197 2310 1434 2385 quidem
1497 2311 1640 2386 quid
1691 2312 1973 2370 Internus
2035 2317 2095 2369 et
2147 2311 2446 2371 Externus
2510 2312 2706 2372 homo.

587 2410 868 2485 Plerique
918 2412 979 2468 in
1029 2410 1247 2469 mundo
1308 2428 1426 2469 non
1482 2412 1661 2469 aliam
1719 2413 2021 2471 notionem
2075 2411 2149 2470 de
2203 2411 2582 2471 interioribus
2649 2419 2710 2472 et

482 2518 487 2521 “
589 2510 983 2571 exterioribus
1021 2528 1132 2571 seu
1170 2510 1244 2571 de
1280 2512 1691 2588 superioribus
1731 2519 1790 2572 et
1822 2513 2198 2573 inferioribus
2236 2512 2477 2590 habent,
2528 2529 2709 2591 quam

587 2616 741 2672 sicut
773 2613 863 2671 xde
915 2615 1190 2672 continuo
1240 2619 1343 2670 aut
1390 2614 1463 2673 de
1508 2613 1868 2674 cohaerente
1916 2632 2027 2691 per
2088 2609 2430 2673 con‘tinuum
2489 2632 2526 2672 a
2584 2632 2705 2689 pu-

584 2715 726 2773 riori
788 2715 863 2772 ad
914 2717 1214 2789 crassius3
1271 2721 1333 2773 at
1379 2717 1664 2775 interiora
1712 2722 1773 2776 et
1836 2717 2137 2776 exteriora
2184 2732 2251 2775 se
2314 2733 2431 2774 non
2480 2713 2709 2774 habent

588 2814 896 2884 continue,
946 2814 1054 2872 sed
1092 2813 1370 2872 discrete.
1463 2813 1616 2873 Sunt
1664 2815 1917 2890 duplicis
1962 2818 2198 2891 generis
2240 2815 2513 2888 GraduS,
2567 2820 2708 2873 sunt

586 2912 806 2989 gradus
851 2915 1114 2971 continui
1177 2919 1237 2971 et
1289 2919 1428 2970 sunt
1475 2913 1701 2989 gradus
1754 2913 1873 2972 non
1922 2917 2187 2973 continui
2201 2934 2218 2988 3
2285 2915 2507 2990 gradus
2558 2932 2704 2974 con-

590 3013 740 3071 tinui
776 3029 841 3071 se
878 3012 1104 3071 habent
1139 3015 1295 3072 sicut
1319 3013 1543 3089 gradus
1573 3012 2023 3072 decrescentiae
2060 3013 2211 3071 lucis
2250 3031 2287 3071 a
2319 3014 2560 3073 flamma
2595 3031 2705 3072 us-

594 3130 711 3190 que
742 3113 818 3171 ad
854 3129 1030 3171 suum
1067 3111 1388 3173 obscurum
1400 3133 1416 3189 3
1472 3121 1580 3172 aut
1614 3114 1768 3171 sicut
1802 3114 2025 3190 gradus
2054 3114 2499 3172 decrescentiae
2534 3114 2704 3171 visus

591 3213 665 3272 ab
701 3213 818 3272 illis
859 3230 1014 3288 quae
1051 3216 1111 3272 in
1145 3213 1280 3273 luce
1331 3221 1472 3272 sunt
1522 3213 1598 3272 ad
1639 3213 1746 3271 illa
1794 3230 1950 3290 quae
1997 3217 2059 3271 in
2106 3211 2318 3271 umbra
2334 3234 2350 3289 3
2405 3219 2511 3272 aut
2545 3215 2706 3272 sicut
2771 3221 2780 3230 “

587 3314 806 3391 gradus
844 3316 1129 3390 puritatis
1161 3315 1624 3390 atmosphaerae
1664 3314 1739 3372 ab
1776 3316 1894 3373 imo
1933 3315 2008 3372 ad
2046 3315 2177 3392 ejus
2215 3330 2543 3391 summum3
2589 3313 2702 3372 ,di-

587 3416 842 3474 stantiae
886 3414 1279 3475 determinant
1314 3414 1424 3474 hos
1461 3415 1703 3491 gradus.
1760 3416 1843 3474 At
1876 3415 2099 3493 gradus
2139 3433 2258 3475 non
2294 3416 2556 3500 continui
2591 3412 2701 3475 sed

740 3663 849 3727 (ss)
893 3660 1058 3727 Quod
1102 3659 1346 3715 influxus
1385 3679 1416 3716 a
1453 3662 1705 3716 Domino
1748 3662 1822 3716 sit
1861 3650 2224 3716 immediatus
2264 3678 2296 3714 a
2337 3676 2418 3723 se,
2462 3670 2522 3713 et
2561 3675 2702 3731 quo-

587 3755 699 3810 que
742 3736 1022 3791 mediatus
1064 3756 1171 3810 per
1212 3756 1385 3791 unum
1429 3739 1658 3792 coelum
1702 3739 1760 3790 in
1799 3739 2076 3803 alterum,
2121 3750 2179 3791 ct
2218 3735 2374 3811 apud
2411 3733 2704 3787 hominem

589 3812 858 3866 similiter
899 3813 957 3865 in
1001 3813 1283 3867 interiora
1337 3814 1493 3883 ejus„
1559 3833 1627 3867 n:
1685 3822 1851 3874 6063.
1898 3822 2063 3875 6307.
2109 3821 2274 3876 6472.
2319 3818 2487 3873 9682.
2532 3817 2704 3871 9683.

585 3892 673 3942 De
725 3888 1058 3942 immediato
1115 3889 1329 3941 influxu
1385 3891 1580 3943 Divini
1636 3909 1667 3944 a
1722 3889 2003 3954 Domino,
2084 3908 2152 3942 n:
2209 3896 2374 3950 6058.
2430 3892 2579 3948 6474
2631 3885 2704 3940 ad
2751 3925 2758 3935 .

588 3972 757 4025 6478.
802 3973 969 4025 8717.
1014 3972 1179 4025 8728.
1262 3968 1346 4019 De
1388 3966 1642 4019 mediato
1696 3965 1916 4020 influxu
1966 3984 2076 4038 per
2117 3965 2392 4020 mundum
2434 3961 2702 4034 spiritua-

587 4040 700 4094 lem
741 4040 801 4093 in
844 4042 1119 4093 mundum
1160 4043 1513 4106 naturalem,
1556 4060 1623 4094 n:
1669 4049 1838 4103 4067.
1883 4050 2053 4103 6982.
2098 4049 2267 4103 6985,
2312 4047 2480 4101 6996.

737 4116 835 4184 (tt)
880 4115 1044 4182 Quod
1088 4117 1278 4169 omnia
1323 4119 1565 4171 existant
1605 4135 1636 4170 a
1678 4117 1980 4189 prioribus
2016 4135 2107 4182 se,
2172 4118 2249 4170 ita
2287 4133 2323 4169 a
2364 4115 2602 4178 Prim0‚
2645 4122 2705 4167 et

583 4192 741 4264 quod
783 4193 1054 4247 similiter
1094 4193 1436 4259 subsistant,
1515 4194 1650 4265 quia
1704 4193 2077 4247 subsistentia
2136 4203 2225 4247 est
2278 4200 2564 4263 perpetua
2606 4205 2700 4242 ex-

585 4270 847 4337 istentia3
891 4279 948 4323 et
989 4268 1149 4341 quod
1190 4268 1322 4323 ideo
1366 4270 1749 4324 inconnexum
1789 4286 1908 4322 non
1949 4269 2153 4333 detur,
2198 4285 2268 4321 n:
2313 4274 2481 4328 3626.
2526 4272 2697 4326 3627.

589 4354 753 4406 3628.
798 4353 965 4410 3648.
1010 4352 1178 4409 4523.
1222 4354 1390 4410 4524.
1435 4354 1604 4408 6040.
1649 4352 1815 4407 6056.
