3013 5114
778 416 1154 472 COLLEC'lA
1200 417 1293 469 Ex
1339 422 1406 476 A.
1461 421 1518 476 C.
1569 417 1660 472 DE
1706 415 2065 473 SCIENTIIS.
2368 424 2477 475 207

349 518 518 630 3068.
558 574 724 629 5489·
772 574 942 627 6004.
984 575 1152 627 6023.
1198 575 1365 628 6052.
1415 527 1584 629 6071.
1631 577 1794 629 6077·
1842 576 2009 628 7770.
2048 574 2217 628 9922.
2300 567 2473 646 Quod

347 645 663 698 scientifica
706 643 819 696 sint
863 645 1024 714 quasi
1068 645 1333 716 specula,
1396 645 1455 696 in
1502 646 1715 718 quibus
1763 662 1898 697 vera
1943 655 2000 697 et
2048 644 2202 696 bona
2250 644 2473 697 luterni

345 721 599 774 hominis
647 721 797 772 sicut
837 719 896 771 in
936 721 1183 792 imagine
1227 732 1541 792 apparent,
1601 740 1668 774 nx
1714 729 1881 781 5201.
1963 720 2135 796 Quod
2177 720 2260 772 ibi
2303 721 2476 775 simul

344 798 513 934 3351?
554 796 907 933 {zzltlltlmo
948 797 1080 860 Sint,
1124 814 1190 848 n:
1256 806 1424 858 5373.
1462 805 1630 858 5874-
1665 805 1832 857 5886·
1882 806 2050 858 5901.
2089 804 2258 858 6004.
2301 804 2472 857 6023.

502 947 674 1076 {uod
705 946 950 1000 influxus
979 947 1298 1020 spiritualis
1335 949 1408 1002 sit
1448 957 1504 1002 et
1531 967 1648 1000 non
1686 933 1987 1020 physicus,
2032 937 2139 1002 hoc
2166 958 2271 1013 est,
2314 949 2474 1020 quod

344 1028 422 1081 sit
462 1026 521 1078 in
564 1041 707 1077 uxus
741 1024 813 1076 ab
857 1025 1098 1076 Interno
1141 1025 1375 1077 homine
1406 1024 1465 1077 in
1501 1023 1835 1088 Externum,
1860 1026 1958 1078 ‘ita
2000 1026 2059 1077 in
2098 1025 2267 1092 hujus
2292 1025 2472 1078 scien-

344 1102 533 1166 tifica,
578 1118 697 1153 non
738 1110 927 1153 autem
971 1100 1042 1152 ab
1089 1103 1339 1153 Externo
1383 1101 1442 1153 in
1483 1103 1802 1165 Internum,
1847 1101 1925 1154 ita
1966 1102 2038 1154 ab
2081 1101 2250 1168 hujus
2291 1101 2473 1154 scien·

343 1179 517 1232 tificis
559 1177 617 1229 in
663 1192 803 1229 vera
854 1174 1020 1238 fidei,
1085 1194 1151 1228 ¹1²
1204 1185 1369 1236 3219·
1421 1185 1590 1237 5119.
1640 1184 1807 1236 5259.
1859 1185 2027 1237 5427.
2083 1184 2252 1236 5428.
2303 1183 2471 1237 5478·

255 1254 263 1261 ’
344 1262 517 1316 6322.
561 1260 731 1312 9110.
783 1259 949 1311 9111.
1034 1250 1198 1316 Quod
1238 1271 1269 1305 a
1308 1255 1463 1306 veris
1505 1252 1805 1306 doctrinae
1849 1254 2156 1316 Ecclesiae,
2217 1270 2361 1323 quae
2404 1271 2474 1306 ex

349 1331 578 1393 Verbo,
622 1327 951 1382 ducendum
996 1329 1066 1381 sit
1094 1329 1482 1400 principium,
1545 1341 1604 1382 et
1647 1330 1744 1381 illa
1792 1329 2043 1401 primum
2089 1327 2471 1401 agnoscenda,

345 1418 405 1462 et
443 1404 603 1478 quod
636 1403 911 1475 deinceps
946 1405 1251 1458 consulere
1280 1406 1449 1459 liceat
1477 1402 1810 1467 scientifica,
1854 1423 1922 1458 n:
1969 1412 2133 1466 6047.
2197 1406 2279 1456 lta
2311 1403 2471 1476 quod

341 1480 680 1559 lico-etllig
718 1481 818 1552 qui
858 1480 917 1531 in
954 1479 1304 1535 affirmativo
1342 1492 1473 1535 sunt
1512 1480 1582 1534 de
1613 1482 1768 1534 veris
1802 1480 1967 1544 fidei,
2011 1499 2118 1553 per
2159 1480 2473 1534 scientifica

344 1556 820 1613 intellectualiter
859 1556 1202 1610 confirmare
1246 1558 1374 1621 illa,
1420 1575 1536 1617 non
1580 1569 1769 1611 autem
1818 1558 1932 1609 illis
1967 1557 2066 1628 qui
2107 1557 2166 1608 in
2199 1557 2471 1628 negativo

352 1645 504 1697 sunt,
545 1651 612 1687 n:
657 1641 827 1692 2568.
858 1640 1027 1692 2588.
1066 1640 1236 1693 4760.
1275 1642 1443 1695 6047.
1528 1632 1636 1699 Qui
1679 1651 1795 1686 non
1837 1632 2023 1687 credit
2060 1650 2199 1687 vera
2237 1633 2471 1697 Divina,

355 1710 469 1762 nisi
498 1709 913 1780 persuadeatur
946 1727 1014 1761 ex
1049 1709 1400 1774 scientificis,
1445 1709 1601 1781 quod
1631 1727 1912 1781 nusquam
1941 1708 2157 1773 credat,
2201 1727 2255 1763 n:
2304 1717 2472 1770 2094.

351 1793 522 1846 2832.
602 1783 763 1853 Quqd
819 1802 887 1837 ex
916 1784 1274 1838 'scientificis
1316 1786 1536 1838 intrare
1574 1786 1629 1836 in
1670 1803 1807 1837 vera
1843 1785 1975 1838 fidei
2025 1785 2099 1838 sit
2140 1794 2345 1838 contra
2379 1802 2470 1837 or-

349 1862 577 1923 dinem,
616 1878 684 1913 n:
728 1868 937 1920 10236.
1020 1858 1186 1925 Quod
1230 1862 1313 1913 illi
1354 1861 1454 1932 qui
1494 1860 1553 1913 id
1598 1860 1820 1913 faciunt
1858 1860 1995 1912 fiant
2034 1861 2229 1913 vesani
2278 1860 2472 1931 quoad

349 1939 451 1992 illa
492 1954 634 2009 quae
669 1936 833 1990 Coeli
876 1945 933 1989 et
978 1937 1269 1990 Ecclesiae
1310 1948 1475 1997 sunt,
1518 1954 1587 1987 n:
1631 1944 1762 1996 128.
1800 1944 1927 1996 129.
1958 1943 2088 1995 130.
2171 1936 2342 2011 Quod
2382 1953 2471 1988 ca-

348 2014 486 2068 dant
524 2013 583 2065 in
620 2011 761 2066 falsa
803 2013 957 2074 mali,
1001 2030 1058 2066 n:
1102 2021 1232 2072 232.
1276 2020 1407 2072 233.
1446 2019 1616 2072 6047.
1699 2015 1769 2064 Et
1815 2011 1973 2083 quod
2013 2012 2070 2063 in
2103 2011 2287 2065 altera
2326 2011 2465 2076 vita,

346 2109 475 2144 cum
515 2088 586 2142 de
623 2089 1025 2160 spiritualibus
1059 2089 1334 2161 cogitant,
1376 2089 1518 2141 fiant
1555 2088 1715 2160 quasi
1753 2087 1939 2152 ebrii,
1981 2105 2048 2138 n:
2095 2095 2265 2148 1072.
2327 2085 2468 2150 Qua-

342 2168 429 2222 les
473 2182 659 2239 porro
702 2174 854 2229 sunt,
898 2183 966 2220 n:
1014 2174 1143 2225 196.
1228 2165 1500 2235 Exempla
1533 2164 1911 2226 illustrantia,
1958 2162 2114 2236 quod
2144 2163 2469 2235 spiritualia

341 2259 464 2297 non
516 2241 646 2313 capi
685 2242 943 2312 possint,
1012 2243 1057 2293 si
1106 2259 1213 2313 per
1258 2240 1573 2295 scientifica
1619 2241 1681 2311 in·
1724 2241 1824 2293 illa
1878 2241 2158 2305 intratur,
2220 2254 2278 2294 n:
2333 2247 2467 2300 233.

340 2326 512 2380 2094.
552 2325 723 2378 2196.
753 2325 923 2385 2203.
961 2324 1127 2376 2209.
1171 2317 1341 2394 Quod
1368 2317 1533 2369 multi
1570 2315 1794 2370 Eruditi
1825 2316 1884 2368 in
1913 2315 2313 2387 spiritualibus
2338 2317 2469 2387 plus

341 2394 629 2448 insaniant
663 2411 832 2466 quam
871 2393 1181 2464 siinpliceS,
1226 2412 1293 2446 ex
1320 2410 1488 2445 causa
1529 2393 1663 2464 quia
1697 2392 1762 2444 'in
1803 2392 2073 2462 negativo
2113 2401 2263 2456 sunt,
2308 2391 2468 2464 quod

336 2489 447 2544 per
483 2470 829 2532 scientifica,
875 2486 1019 2541 quac
1059 2469 1277 2541 jugiter
1310 2478 1367 2522 et
1393 2469 1453 2520 in
1486 2468 1655 2539 copia
1682 2484 1881 2520 coram
1918 2468 2049 2519 visu
2079 2484 2281 2520 eorum
2311 2476 2462 2529 sunt,

339 2547 706 2610 confirmant,
748 2564 818 2598 n:
862 2552 1032 2606 4760.
1070 2554 1235 2605 8629·

497 2621 662 2687 Quod
716 2623 814 2693 qui
867 2639 935 2674 cx
990 2622 1326 2675 scientificis
1376 2619 1802 2673 ratiocinantur
1852 2629 2058 2671 contra
2109 2633 2249 2671 vera
2305 2614 2461 2682 fidei,

344 2697 1054 2761 acriter-ratiocinemur,
1112 2698 1246 2770 quia
1287 2715 1353 2750 ex
1394 2696 1641 2749 fallaciis
1688 2711 1988 2757 sensuum,
2047 2711 2192 2764 quae
2233 2703 2466 2764 captant

346 2785 406 2829 et
440 2772 817 2844 persuadent,
864 2774 998 2844 quia
1040 2791 1211 2844 aegre
1251 2772 1460 2826 discuti
1505 2780 1759 2843 queunt,
1814 2788 1880 2822 nt
1927 2778 2096 2830 5700.
2178 2769 2463 2823 Fallaciae

346 2867 615 2905 sensuum
650 2867 796 2922 quae
839 2860 897 2904 et
937 2849 1157 2921 quales,
1198 2867 1267 2901 n:
1313 2856 1479 2910 5084.
1518 2854 1686 2908 5094.
1722 2855 1889 2907 6400.
1919 2853 2090 2907 6948.
2167 2845 2330 2912 Quod
2362 2846 2462 2918 qui

343 2925 493 2980 nihil
527 2925 650 2980 veri
693 2926 1055 2997 intelligunt,
1117 2935 1175 2979 ct
1213 2942 1449 2998 quoque
1490 2924 1592 2997 qui
1632 2924 1691 2976 in
1729 2925 1880 2976 malo
1918 2932 2080 2987 sunt,
2123 2922 2463 2976 ratiocinari

344 3013 555 3077 queant
595 3002 665 3056 dc
705 3003 862 3056 veris
906 3012 963 3055 et
999 3001 1170 3054 bonis
1204 3001 1358 3065 fidei,
1403 3011 1459 3054 et
1500 3013 1691 3053 tamen
1728 3018 1846 3052 non
1874 2999 2200 3072 intelligere
2241 2998 2360 3063 illa,
2403 3016 2463 3052 n:

341 3086 511 3141 4214.
592 3077 759 3145 Quod
800 3078 986 3131 solum
1029 3078 1375 3131 confirmare
1416 3077 1624 3149 dogma
1663 3093 1782 3128 non
1824 3078 1898 3130 sit
1925 3076 2322 3149 intelligentis,
2365 3075 2466 3128 sed

337 3156 543 3211 videre
585 3135 747 3227 prius
775 3161 1094 3226 'antequam
1135 3154 1530 3217 confirmatur,
1573 3170 1709 3225 num
1752 3171 1954 3208 verum
1997 3153 2071 3207 sit
2103 3153 2200 3206 vel
2225 3169 2364 3215 non,
2407 3169 2464 3203 n:

490 3308 656 3375 Quod
690 3306 966 3360 scientiae
1005 3315 1139 3377 post
1177 3315 1423 3359 mortem
1458 3306 1602 3359 nihil
1647 3305 1892 3369 faciant,
1957 3304 2055 3359 sed
2098 3321 2245 3375 quae
2287 3305 2461 3355 homo

293 3432 298 3435 .
338 3402 450 3458 per
492 3383 763 3438 scientias
805 3382 990 3435 hausit
1048 3382 1350 3434 intellectu
1392 3393 1448 3436 et
1488 3382 1639 3447 vita,
1703 3400 1769 3435 n:
1815 3388 1983 3441 2480.
2067 3379 2233 3444 Quod
2278 3395 2462 3449 usque

339 3460 534 3513 omnia
575 3458 886 3513 scientifica
928 3469 1062 3529 post
1104 3469 1351 3511 mortem
1392 3468 1678 3521 maneant,
1725 3459 1824 3511 sed
1852 3456 2008 3529 quod
2039 3456 2357 3526 quiescant,
2400 3470 2460 3508 nt

342 3542 493 3595 2476
523 3534 595 3589 ad
621 3541 795 3593 2479.
836 3541 980 3594 2481
1008 3533 1080 3587 ad
1106 3542 1274 3596 2486.

498 3626 664 3691 Quod
711 3625 909 3680 eadem
949 3628 1259 3682 scientifica
1311 3628 1465 3701 apud
1518 3628 1701 3690 malos
1744 3627 1858 3680 sint
1896 3625 2059 3689 falsa,
2104 3624 2237 3696 quia
2278 3622 2459 3694 appli-

341 3711 549 3757 cantur
587 3701 655 3755 ad
701 3700 865 3764 mala,
910 3711 967 3754 et
991 3703 1142 3774 apud
1166 3705 1354 3759 bonos
1382 3722 1520 3758 vera
1551 3704 1683 3776 quia
1712 3703 2080 3774 applicantur
2107 3699 2177 3753 ad
2217 3699 2458 3765 bonum,

337 3798 406 3833 nx
452 3788 621 3841 6917.
706 3776 878 3856 Quod
920 3795 1055 3831 vera
1098 3780 1405 3835 scientifica
1448 3779 1604 3853 apud
1646 3778 1827 3832 malos
1873 3795 1989 3830 non
2033 3778 2147 3829 sint
2173 3793 2330 3839 vera,
2374 3785 2460 3829 ut.

316 3875 570 3930 .cunque
610 3864 898 3927 apparent
949 3865 1012 3907 ut
1065 3869 1203 3909 vera
1263 3859 1399 3911 dum
1447 3858 1773 3927 vloquuntur
1826 3854 1954 3917 illa,
2019 3855 2152 3925 quia
2206 3855 2360 3907 intus
2401 3852 2464 3905 in

337 3934 456 3987 illis
488 3945 575 3987 est
604 3934 837 3995 malum,
881 3949 949 3983 nx
994 3939 1201 3993 10331.

488 4028 681 4093 Qualis
722 4026 936 4098 cupido
980 4027 1198 4081 sciendi
1241 4026 1547 4099 spiritibus
1589 4037 1706 4092 est,
1762 4025 2118 4097 exemplum,
2176 4042 2242 4077 n:
2287 4031 2462 4085 1973.

338 4104 510 4182 Quod
548 4104 698 4175 apud
739 4104 975 4176 angelos
1029 4104 1102 4157 sit
1154 4103 1505 4156 desiderium
1549 4103 1764 4156 sciendi
1822 4112 1880 4157 et
1920 4100 2179 4174 sapiendi
2223 4101 2459 4154 immen-

336 4196 481 4242 sum,
525 4182 796 4251 quoniam
839 4180 1109 4241 scientia,
1155 4179 1537 4251 intelligentia
1567 4189 1624 4232 et
1657 4179 1938 4251 sapientia
1981 4187 2111 4230 sunt
2153 4177 2318 4229 cibus
2346 4176 2459 4246 spi·
2560 4183 2563 4186 “

331 4256 591 4320 ritualiS,
646 4275 713 4310 n:
771 4264 939 4317 3114·
983 4263 1151 4317 4459-
1195 4262 1366 4315 4792.
1421 4263 1589 4316 4976.
1646 4262 1816 4315 5147.
1859 4263 2030 4314 5293.
2074 4259 2240 4312 5340·
2288 4258 2457 4311 5342.

334 4339 503 4395 5410.
549 4341 715 4396 5426.
760 4340 928 4412 5576..
970 4339 1140 4394 5582.
1187 4339 1353 4392 5588·
1399 4339 1567 4392 5656.
1614 4339 1784 4391 6277.
1829 4338 1996 4391 8562·
2040 4335 2206 4389 9003·
2286 4324 2459 4403 Quod
