3013 5114
554 415 663 467 234
1189 405 1284 459 DE
1329 405 1567 459 COELO
1605 404 1703 463 ,ET
1743 403 2076 458 INFERNO.

557 572 716 626 statu
758 566 917 623 vitae
957 573 1048 622 est
1094 567 1151 622 in
1196 582 1312 641 quo
1351 566 1462 623 suit
1502 568 1563 623 in
1604 564 1843 634 mundo,
1883 582 2021 623 nam
2056 561 2369 640 spirituale
2408 570 2467 620 et
2506 570 2683 621 natu-

554 667 678 726 rale
719 684 899 724 unum
938 673 1124 742 agunt
1157 684 1268 742 per
1305 667 1886 742 correspondentiaS,
1928 664 2424 724 cumxdifferentia
2455 672 2673 739 tamen,

556 767 714 843 quod
748 769 808 825 in
842 769 1108 826 interiori
1139 768 1406 844 jucundo
1437 772 1534 841 sit,
1573 771 1714 844 quia
1753 770 1815 826 in
1852 768 1977 824 vita
2005 764 2327 843 spirituali,
2365 783 2517 841 quae
2556 769 2680 823 vita

554 871 798 927 interior
835 876 955 942 est,
1014 875 1074 926 et
1109 869 1245 927 inde
1282 869 1693 945 receptibilior
1726 868 2110 927 beatitudinis
2150 867 2450 925 coelestis,

759 1039 882 1106 De
949 1037 1290 1108 Gaudio
1345 1055 1430 1108 et
1487 1036 1981 1109 Felicitate
2038 1035 2471 1107 Coelesti.

716 1172 875 1231 395.
934 1169 1092 1246 Quid
1134 1169 1382 1229 Coelum
1422 1177 1482 1229 et
1521 1170 1663 1246 quid
1708 1171 2007 1230 Gaudium
2047 1168 2357 1238 Coeleste,
2415 1171 2511 1225 vix
2562 1170 2678 1227 ali-

560 1276 692 1351 quis
748 1271 925 1330 hodie
977 1274 1141 1329 novit
1157 1291 1172 1345 3
1243 1273 1343 1347 qui
1386 1270 1459 1329 de
1512 1271 1613 1329 illo
1664 1272 1835 1329 etde
1890 1271 2003 1329 hoc
2058 1272 2500 1347 cogitaverunt,
2558 1278 2682 1328 tam

561 1390 931 1433 communem
990 1378 1050 1429 et
1099 1379 1217 1430 tam
1258 1388 1523 1430 crassam
1564 1372 1760 1430 ideam
1813 1372 1885 1429 de
1938 1371 2057 1429 illis
2117 1379 2545 1447 conceperunt,
2613 1378 2683 1429 ut

556 1478 656 1533 vix
699 1476 776 1531 sit
814 1473 1051 1549 aliqua:
1108 1490 1179 1531 ex
1222 1473 1562 1548 spiritibus,
1617 1476 1720 1550 qui
1758 1492 1788 1531 e
1830 1472 2049 1530 mundo
2099 1474 2156 1530 in
2204 1472 2454 1529 alteram
2496 1475 2679 1530 vitam

554 1577 829 1642 veniunt,
885 1568 1312 1648 optime'scire
1361 1576 1530 1649 potui
1581 1575 1817 1649 qualem
1872 1574 1944 1632 de
1994 1573 2177 1632 Coelo
2229 1580 2288 1630 et
2337 1572 2409 1629 de
2460 1573 2682 1650 gaudio

559 1674 808 1734 coelesti
842 1674 1180 1733 habuerunt
1217 1670 1550 1747 notion'em,
1603 1693 1741 1733 nam
1786 1675 1979 1734 relicti
2030 1674 2143 1732 sibi
2178 1675 2333 1732 sicut
2388 1673 2582 1732 forent
2617 1675 2683 1731 in

556 1775 808 1849 mundo,
849 1778 1112 1851 cogitant
1149 1777 1438 1834 similiter.
1509 1776 1710 1835 Causa
1754 1776 1910 1853 quod
1950 1793 2066 1834 non
2103 1777 2329 1833 sciatur
2358 1775 2497 1850 quid
2525 1793 2680 1850 gau-

555 1878 716 1934 dium
755 1876 1048 1946 coeleste,
1088 1886 1181 1935 est
1218 1880 1357 1953 quia
1393 1876 1508 1947 illi,
1555 1880 1656 1953 qui
1694 1878 1766 1936 de
1806 1895 1877 1936 eo
1914 1879 2359 1952 cogitaverunt,
2416 1893 2488 1934 ex
2525 1893 2679 1952 gau-

556 1979 669 2036 diis
709 1979 1008 2051 externi5‚
1066 1996 1222 2053 quae
1268 1986 1408 2036 suut
1448 1978 1739 2037 naturalis
1775 1979 2057 2049 hominiS,
2089 1976 2532 2054 judicaverunt,
2572 1994 2686 2034 nec

555 2081 863 2138 sciverunt
916 2079 1057 2153 quid
1106 2076 1385 2136 Internus
1436 2097 1542 2136 scu
1596 2078 1923 2155 spiritualis
1974 2079 2181 2150 homo,
2247 2079 2330 2134 ita
2374 2095 2485 2136 nec
2540 2076 2681 2153 quid

557 2180 687 2256 ejus
716 2177 1049 2254 jucundum
1089 2188 1147 2237 et
1184 2179 1460 2254 beatum3
1521 2198 1705 2254 quare
1744 2182 1792 2237 si
1837 2179 1910 2237 ab
1948 2180 2098 2247 illis,
2153 2181 2254 2255 qui
2289 2180 2347 2236 in
2384 2177 2687 2255 spirituali

555 2296 662 2336 seu
699 2280 932 2335 interno
974 2279 1242 2354 jucundo
1294 2281 1561 2353 suerunt,
1622 2281 1840 2338 dictum
1892 2282 2142 2355 fuisset,
2201 2279 2342 2355 quid
2397 2286 2456 2338 et
2505 2278 2683 2355 quale

553 2378 833 2456 gaudium
867 2378 1130 2437 coeleste
1148 2423 1165 2454 ,
1206 2398 1323 2437 nou
1354 2381 1781 2456 comprehendi
1817 2384 2134 2458 potuisset,
2180 2381 2496 2440 cecidisset
2525 2381 2684 2439 enim

550 2483 610 2538 in
647 2480 843 2537 ideam
882 2483 1173 2556 ignotam,
1233 2483 1316 2538 ita
1352 2500 1469 2539 nou
1506 2484 1564 2540 in
1603 2484 2080 2559 perceptionem,
2123 2488 2494 2560 quapropter
2529 2482 2686 2539 inter

549 2582 655 2642 illa
691 2583 939 2652 suisset,
995 2601 1152 2659 quae
1206 2584 1492 2642 naturalis
1540 2585 1716 2643 homo
1766 2586 2094 2662 rejecisset.
2179 2584 2447 2660 Quisque
2485 2590 2687 2642 tamen

552 2687 707 2742 scire
748 2691 980 2759 potest,
1044 2683 1201 2760 quod
1238 2685 1414 2743 homo
1454 2703 1586 2743 cum
1627 2693 1934 2744 externum
1974 2703 2085 2745 seu
2119 2683 2451 2743 naturalem
2487 2685 2686 2744 homi-

550 2802 690 2842 nem
729 2784 1045 2860 relinquit,
1099 2788 1154 2843 in
1196 2788 1490 2843 internum
1529 2803 1637 2843 seu
1675 2786 2045 2862 spiritualem
2084 2789 2317 2857 veniat,
2369 2786 2506 2846 inde
2543 2787 2688 2845 sciri

547 2890 767 2960 potest,
805 2885 965 2959 quod
991 2886 1325 2961 jucundum
1354 2886 1617 2944 coeleste
1642 2890 1718 2946 sit
1737 2887 2070 2962 jucundum
2097 2890 2390 2945 internum
2421 2895 2480 2945 et
2507 2888 2688 2964 spiri-

550 2982 731 3051 tuale,
765 3001 880 3040 non
910 2993 1109 3042 autem
1143 2995 1453 3043 externum
1487 2996 1544 3045 et
1576 2987 1866 3060 naturale3
1908 2997 1966 3046 et
2002 2991 2141 3064 quia
2173 2994 2266 3046 est
2296 2990 2591 3047 internum
2624 2995 2687 3047 et

553 3082 899 3159 spirituale,
973 3085 1131 3159 quod
1180 3088 1259 3143 sit
1307 3089 1518 3161 purius
1577 3096 1636 3147 et
1686 3092 2063 3163 exquisitiuS,
2140 3095 2199 3149 et
2252 3088 2411 3164 quod
2466 3089 2689 3147 afficiat

550 3185 837 3242 interiora
880 3185 1165 3258 hominis,
1223 3204 1376 3261 quae
1414 3196 1553 3246 sunt
1591 3190 1721 3266 ejus
1765 3192 1996 3247 animae
2034 3208 2143 3249 seu
2181 3191 2447 3267 spiritus,
2500 3189 2690 3265 Quis-

555 3303 672 3361 que
714 3302 787 3342 ex
825 3285 917 3343 his
960 3286 1105 3344 solis
1164 3285 1523 3347 concludere
1576 3296 1809 3365 potest,
1885 3291 2044 3366 quod
2095 3292 2217 3351 tale
2257 3293 2312 3349 ei
2351 3291 2686 3367 jucundum

554 3390 663 3462 sit,
733 3387 911 3462 quale
948 3389 1145 3446 suerat
1177 3388 1511 3465 jucundum
1566 3391 1697 3467 ejus
1735 3392 2013 3466 spiritus,
2073 3400 2131 3450 et
2167 3391 2327 3468 quod
2353 3392 2687 3469 jucundum

555 3492 852 3565 corporiS,
909 3489 1068 3565 quod
1108 3496 1366 3548 vocatur·
1382 3490 1717 3567 jucundum
1747 3495 1974 3566 carniS‚
2018 3496 2355 3571 respective
2385 3511 2500 3552 non
2539 3510 2685 3552 coe-

551 3592 705 3650 leste
743 3593 847 3666 sit3
922 3591 1079 3668 quod
1127 3595 1306 3651 etiam
1355 3594 1413 3650 in
1467 3597 1687 3669 spiritu
1739 3593 1990 3652 hominis
2043 3603 2162 3664 est,
2217 3611 2349 3653 cum
2401 3594 2687 3670 relinquit

554 3707 803 3767 corpuS,
878 3692 990 3751 hoc
1051 3701 1322 3753 remanet
1378 3701 1525 3771 post
1584 3702 1866 3770 mortem,
1940 3714 2076 3754 nam
2127 3703 2267 3754 tunc
2318 3698 2462 3753 vivit
2507 3695 2685 3753 homo

552 3793 822 3868 spiritus.

713 3893 874 3950 396.
959 3893 1174 3952 Omnia
1218 3897 1488 3973 jucunda
1545 3899 1851 3973 profluunt
1911 3915 1983 3956 ex
2031 3915 2265 3971 amore,
2335 3914 2468 3954 nam
2522 3896 2687 3972 quod

556 3991 732 4048 homo
775 4000 939 4050 amat
976 3994 1086 4051 hoc
1118 3995 1454 4071 jucundum
1497 4001 1706 4070 sentit,
1746 4016 1864 4057 non
1900 3998 2139 4057 aliunde
2180 4004 2273 4056 est
2312 3998 2417 4057 ulli
2454 3998 2683 4074 jucun-

554 4091 726 4163 dum3
782 4092 917 4149 inde
968 4096 1272 4170 sequitur,
1333 4095 1491 4169 quod
1548 4095 1759 4173 qualis'
1797 4117 1964 4158 amor
2011 4100 2132 4159 tale
2160 4098 2526 4177 jucundum:
2572 4099 2683 4177 ju-

559 4191 753 4250 cunda
789 4195 1055 4269 corporis
1087 4210 1197 4252 seu
1226 4197 1420 4254 carnis
1459 4200 1657 4255 omnia
1693 4198 1993 4274 profluunt
2030 4218 2106 4258 ex
2146 4217 2346 4259 amore
2384 4201 2480 4258 sui
2516 4204 2577 4257 et
2606 4216 2685 4258 ex

558 4310 758 4353 amore
809 4294 1040 4366 mundi,
1119 4290 1256 4372 inde
1306 4314 1547 4374 quoque
1594 4305 1731 4357 sunt
1784 4303 2305 4378 concupiscentiae
2364 4307 2421 4360 et
2477 4317 2687 4360 earum
