<?xml version="1.0" encoding="UTF-8"?>
<!DOCTYPE html PUBLIC "-//W3C//DTD XHTML 1.0 Transitional//EN"
    "http://www.w3.org/TR/xhtml1/DTD/xhtml1-transitional.dtd">
<html xmlns="http://www.w3.org/1999/xhtml" xml:lang="en" lang="en">
 <head>
  <title>
</title>
<meta http-equiv="Content-Type" content="text/html;charset=utf-8" />
  <meta name='ocr-system' content='tesseract 3.04.00' />
  <meta name='ocr-capabilities' content='ocr_page ocr_carea ocr_par ocr_line ocrx_word'/>
</head>
<body>
  <div class='ocr_page' id='page_1' title='image "./decoeloetejusmi00tafegoog_0143.png"; bbox 0 0 3013 5114; ppageno 0'>
   <div class='ocr_carea' id='block_1_1' title="bbox 860 374 2548 459">
    <p class='ocr_par' dir='ltr' id='par_1_1' title="bbox 860 374 2548 459">
     <span class='ocr_line' id='line_1_1' title="bbox 860 374 2548 459; baseline 0.002 -10"><span class='ocrx_word' id='word_1_1' title='bbox 860 396 953 450; x_wconf 84' lang='lat' dir='ltr'><strong>DE</strong></span> <span class='ocrx_word' id='word_1_2' title='bbox 997 374 1407 454; x_wconf 73' lang='lat' dir='ltr'>SCRIPTURIS</span> <span class='ocrx_word' id='word_1_3' title='bbox 1448 399 1520 454; x_wconf 82' lang='lat' dir='ltr'><strong>IN</strong></span> <span class='ocrx_word' id='word_1_4' title='bbox 1566 399 1817 454; x_wconf 60' lang='lat' dir='ltr'><strong>conto,</strong></span> <span class='ocrx_word' id='word_1_5' title='bbox 2288 409 2393 459; x_wconf 62' lang='lat'>13³1·</span> <span class='ocrx_word' id='word_1_6' title='bbox 2531 428 2548 453; x_wconf 46' lang='lat' dir='ltr'><strong>t</strong></span> 
     </span>
    </p>
   </div>
   <div class='ocr_carea' id='block_1_2' title="bbox 172 557 2397 4364">
    <p class='ocr_par' dir='ltr' id='par_1_2' title="bbox 279 557 2397 1343">
     <span class='ocr_line' id='line_1_2' title="bbox 282 557 2396 636; baseline 0.002 -21"><span class='ocrx_word' id='word_1_7' title='bbox 282 559 450 618; x_wconf 81' lang='lat' dir='ltr'><strong>vadit</strong></span> <span class='ocrx_word' id='word_1_8' title='bbox 499 557 827 617; x_wconf 87' lang='lat' dir='ltr'><strong>secundum</strong></span> <span class='ocrx_word' id='word_1_9' title='bbox 881 557 1129 616; x_wconf 87' lang='lat' dir='ltr'><strong>formam</strong></span> <span class='ocrx_word' id='word_1_10' title='bbox 1183 559 1360 633; x_wconf 90' lang='lat' dir='ltr'><strong>coeli,</strong></span> <span class='ocrx_word' id='word_1_11' title='bbox 1411 577 1478 617; x_wconf 74' lang='lat' dir='ltr'><strong>nx</strong></span> <span class='ocrx_word' id='word_1_12' title='bbox 1528 563 1701 629; x_wconf 84' lang='lat'>201;</span> <span class='ocrx_word' id='word_1_13' title='bbox 1763 560 1898 621; x_wconf 86' lang='lat' dir='ltr'><strong>inde</strong></span> <span class='ocrx_word' id='word_1_14' title='bbox 1938 566 2058 633; x_wconf 79' lang='lat' dir='ltr'><strong>est,</strong></span> <span class='ocrx_word' id='word_1_15' title='bbox 2130 558 2288 636; x_wconf 92' lang='lat' dir='ltr'><strong>quod</strong></span> <span class='ocrx_word' id='word_1_16' title='bbox 2336 562 2396 619; x_wconf 89' lang='lat' dir='ltr'><strong>in</strong></span> 
     </span>
     <span class='ocr_line' id='line_1_3' title="bbox 281 658 2392 736; baseline 0 -18"><span class='ocrx_word' id='word_1_17' title='bbox 281 659 449 718; x_wconf 91' lang='lat' dir='ltr'><strong>illam</strong></span> <span class='ocrx_word' id='word_1_18' title='bbox 484 658 630 717; x_wconf 89' lang='lat' dir='ltr'><strong>fluat</strong></span> <span class='ocrx_word' id='word_1_19' title='bbox 667 661 968 735; x_wconf 90' lang='lat' dir='ltr'><strong>scriptura</strong></span> <span class='ocrx_word' id='word_1_20' title='bbox 1018 659 1269 720; x_wconf 87' lang='lat' dir='ltr'><strong>illorum.</strong></span> <span class='ocrx_word' id='word_1_21' title='bbox 1351 661 1596 719; x_wconf 84' lang='lat' dir='ltr'><strong>Dictum</strong></span> <span class='ocrx_word' id='word_1_22' title='bbox 1644 667 1737 721; x_wconf 92' lang='lat' dir='ltr'><strong>est</strong></span> <span class='ocrx_word' id='word_1_23' title='bbox 1783 661 1961 734; x_wconf 92' lang='lat' dir='ltr'><strong>mihi,</strong></span> <span class='ocrx_word' id='word_1_24' title='bbox 2010 660 2171 736; x_wconf 91' lang='lat' dir='ltr'><strong>quod</strong></span> <span class='ocrx_word' id='word_1_25' title='bbox 2217 660 2392 719; x_wconf 91' lang='lat' dir='ltr'><strong>Anti-</strong></span> 
     </span>
     <span class='ocr_line' id='line_1_4' title="bbox 283 759 2393 838; baseline 0 -18"><span class='ocrx_word' id='word_1_26' title='bbox 283 761 590 838; x_wconf 87' lang='lat' dir='ltr'><strong>quissimis</strong></span> <span class='ocrx_word' id='word_1_27' title='bbox 635 761 695 817; x_wconf 91' lang='lat' dir='ltr'><strong>in</strong></span> <span class='ocrx_word' id='word_1_28' title='bbox 743 760 855 819; x_wconf 86' lang='lat' dir='ltr'><strong>hac</strong></span> <span class='ocrx_word' id='word_1_29' title='bbox 909 759 1193 831; x_wconf 81' lang='lat' dir='ltr'><strong>Tellure,</strong></span> <span class='ocrx_word' id='word_1_30' title='bbox 1275 767 1596 837; x_wconf 82' lang='lat' dir='ltr'><strong>antequam</strong></span> <span class='ocrx_word' id='word_1_31' title='bbox 1653 761 1863 821; x_wconf 88' lang='lat' dir='ltr'><strong>literae</strong></span> <span class='ocrx_word' id='word_1_32' title='bbox 1907 765 2186 821; x_wconf 82' lang='lat' dir='ltr'><strong>inventae</strong></span> <span class='ocrx_word' id='word_1_33' title='bbox 2236 770 2393 836; x_wconf 86' lang='lat' dir='ltr'><strong>sunt,</strong></span> 
     </span>
     <span class='ocr_line' id='line_1_5' title="bbox 281 859 2394 939; baseline 0 -18"><span class='ocrx_word' id='word_1_34' title='bbox 281 863 465 921; x_wconf 86' lang='lat' dir='ltr'><strong>etiam</strong></span> <span class='ocrx_word' id='word_1_35' title='bbox 504 859 641 918; x_wconf 86' lang='lat' dir='ltr'><strong>talis</strong></span> <span class='ocrx_word' id='word_1_36' title='bbox 686 863 986 937; x_wconf 89' lang='lat' dir='ltr'><strong>scriptura</strong></span> <span class='ocrx_word' id='word_1_37' title='bbox 1020 861 1201 921; x_wconf 80' lang='lat' dir='ltr'><strong>fuerit</strong></span> <span class='ocrx_word' id='word_1_38' title='bbox 1214 881 1232 938; x_wconf 82' lang='lat'>3</span> <span class='ocrx_word' id='word_1_39' title='bbox 1288 867 1349 920; x_wconf 94' lang='lat' dir='ltr'><strong>et</strong></span> <span class='ocrx_word' id='word_1_40' title='bbox 1386 863 1544 939; x_wconf 89' lang='lat' dir='ltr'><strong>quod</strong></span> <span class='ocrx_word' id='word_1_41' title='bbox 1588 862 1691 921; x_wconf 88' lang='lat' dir='ltr'><strong>illa</strong></span> <span class='ocrx_word' id='word_1_42' title='bbox 1727 862 2018 922; x_wconf 89' lang='lat' dir='ltr'><strong>translata</strong></span> <span class='ocrx_word' id='word_1_43' title='bbox 2053 865 2130 920; x_wconf 94' lang='lat' dir='ltr'><strong>sit</strong></span> <span class='ocrx_word' id='word_1_44' title='bbox 2166 865 2225 920; x_wconf 91' lang='lat' dir='ltr'><strong>in</strong></span> <span class='ocrx_word' id='word_1_45' title='bbox 2253 863 2394 922; x_wconf 90' lang='lat' dir='ltr'><strong>lite-</strong></span> 
     </span>
     <span class='ocr_line' id='line_1_6' title="bbox 279 961 2397 1041; baseline -0.001 -22"><span class='ocrx_word' id='word_1_46' title='bbox 279 978 382 1021; x_wconf 86' lang='lat' dir='ltr'><strong>ras</strong></span> <span class='ocrx_word' id='word_1_47' title='bbox 420 961 661 1038; x_wconf 82' lang='lat' dir='ltr'>linguae</span> <span class='ocrx_word' id='word_1_48' title='bbox 689 961 1050 1036; x_wconf 84' lang='lat' dir='ltr'><strong>Hebraicae,</strong></span> <span class='ocrx_word' id='word_1_49' title='bbox 1110 979 1265 1039; x_wconf 88' lang='lat' dir='ltr'><strong>quae</strong></span> <span class='ocrx_word' id='word_1_50' title='bbox 1303 961 1514 1023; x_wconf 88' lang='lat' dir='ltr'><strong>literae</strong></span> <span class='ocrx_word' id='word_1_51' title='bbox 1553 966 1812 1040; x_wconf 81' lang='lat' dir='ltr'>antiquis</span> <span class='ocrx_word' id='word_1_52' title='bbox 1857 963 2226 1041; x_wconf 83' lang='lat' dir='ltr'><strong>temporibus</strong></span> <span class='ocrx_word' id='word_1_53' title='bbox 2268 982 2397 1022; x_wconf 81' lang='lat' dir='ltr'><strong>om.</strong></span> 
     </span>
     <span class='ocr_line' id='line_1_7' title="bbox 279 1062 2393 1140; baseline 0.002 -19"><span class='ocrx_word' id='word_1_54' title='bbox 279 1079 405 1123; x_wconf 85' lang='lat' dir='ltr'><strong>nes</strong></span> <span class='ocrx_word' id='word_1_55' title='bbox 430 1062 685 1122; x_wconf 85' lang='lat' dir='ltr'><strong>inflexae</strong></span> <span class='ocrx_word' id='word_1_56' title='bbox 722 1063 985 1133; x_wconf 83' lang='lat' dir='ltr'><strong>suerunt,</strong></span> <span class='ocrx_word' id='word_1_57' title='bbox 1029 1069 1090 1121; x_wconf 90' lang='lat' dir='ltr'><strong>et</strong></span> <span class='ocrx_word' id='word_1_58' title='bbox 1122 1080 1240 1122; x_wconf 91' lang='lat' dir='ltr'><strong>non</strong></span> <span class='ocrx_word' id='word_1_59' title='bbox 1279 1062 1549 1140; x_wconf 83' lang='lat' dir='ltr'><strong>aliquae,</strong></span> <span class='ocrx_word' id='word_1_60' title='bbox 1598 1067 1753 1125; x_wconf 76' lang='lat' dir='ltr'><strong>sicu-t</strong></span> <span class='ocrx_word' id='word_1_61' title='bbox 1789 1065 1995 1138; x_wconf 86' lang='lat' dir='ltr'><strong>hodie,</strong></span> <span class='ocrx_word' id='word_1_62' title='bbox 2044 1065 2393 1125; x_wconf 83' lang='lat' dir='ltr'><strong>terminatae</strong></span> 
     </span>
     <span class='ocr_line' id='line_1_8' title="bbox 280 1162 2397 1239; baseline -0 -15"><span class='ocrx_word' id='word_1_63' title='bbox 280 1170 357 1225; x_wconf 84' lang='lat' dir='ltr'><strong>ut</strong></span> <span class='ocrx_word' id='word_1_64' title='bbox 393 1163 621 1222; x_wconf 78' lang='lat' dir='ltr'><strong>lineae:</strong></span> <span class='ocrx_word' id='word_1_65' title='bbox 681 1162 819 1221; x_wconf 89' lang='lat' dir='ltr'><strong>inde</strong></span> <span class='ocrx_word' id='word_1_66' title='bbox 870 1169 999 1238; x_wconf 70' lang='lat' dir='ltr'><strong>est,</strong></span> <span class='ocrx_word' id='word_1_67' title='bbox 1078 1163 1238 1239; x_wconf 86' lang='lat' dir='ltr'><strong>quod</strong></span> <span class='ocrx_word' id='word_1_68' title='bbox 1286 1165 1348 1223; x_wconf 84' lang='lat' dir='ltr'><strong>in</strong></span> <span class='ocrx_word' id='word_1_69' title='bbox 1382 1164 1588 1224; x_wconf 91' lang='lat' dir='ltr'><strong>Verbo</strong></span> <span class='ocrx_word' id='word_1_70' title='bbox 1636 1168 1753 1224; x_wconf 86' lang='lat' dir='ltr'><strong>sint</strong></span> <span class='ocrx_word' id='word_1_71' title='bbox 1787 1166 2009 1224; x_wconf 88' lang='lat' dir='ltr'><strong>Divina</strong></span> <span class='ocrx_word' id='word_1_72' title='bbox 2062 1171 2121 1224; x_wconf 88' lang='lat' dir='ltr'><strong>et</strong></span> <span class='ocrx_word' id='word_1_73' title='bbox 2172 1182 2397 1224; x_wconf 85' lang='lat' dir='ltr'><strong>arcana</strong></span> 
     </span>
     <span class='ocr_line' id='line_1_9' title="bbox 280 1264 1997 1343; baseline 0 -20"><span class='ocrx_word' id='word_1_74' title='bbox 280 1265 436 1324; x_wconf 92' lang='lat' dir='ltr'><strong>coeli</strong></span> <span class='ocrx_word' id='word_1_75' title='bbox 474 1265 651 1322; x_wconf 81' lang='lat' dir='ltr'><strong>etiam</strong></span> <span class='ocrx_word' id='word_1_76' title='bbox 689 1267 747 1322; x_wconf 88' lang='lat' dir='ltr'><strong>in</strong></span> <span class='ocrx_word' id='word_1_77' title='bbox 785 1264 962 1341; x_wconf 82' lang='lat' dir='ltr'><strong>jotis‚</strong></span> <span class='ocrx_word' id='word_1_78' title='bbox 1031 1264 1341 1342; x_wconf 85' lang='lat' dir='ltr'><strong>apicibus,</strong></span> <span class='ocrx_word' id='word_1_79' title='bbox 1394 1272 1454 1325; x_wconf 87' lang='lat' dir='ltr'><strong>et</strong></span> <span class='ocrx_word' id='word_1_80' title='bbox 1492 1265 1807 1325; x_wconf 80' lang='lat' dir='ltr'><strong>corniculis</strong></span> <span class='ocrx_word' id='word_1_81' title='bbox 1848 1267 1997 1343; x_wconf 84' lang='lat' dir='ltr'><strong>ejus.</strong></span> 
     </span>
    </p>

    <p class='ocr_par' dir='ltr' id='par_1_3' title="bbox 210 1365 2395 2352">
     <span class='ocr_line' id='line_1_10' title="bbox 445 1365 2393 1444; baseline 0.002 -22"><span class='ocrx_word' id='word_1_82' title='bbox 445 1367 606 1423; x_wconf 86' lang='lat'><strong>261.</strong></span> <span class='ocrx_word' id='word_1_83' title='bbox 672 1365 844 1423; x_wconf 88' lang='lat' dir='ltr'><strong>Haec</strong></span> <span class='ocrx_word' id='word_1_84' title='bbox 879 1367 1205 1441; x_wconf 89' lang='lat' dir='ltr'><strong>scriptura,</strong></span> <span class='ocrx_word' id='word_1_85' title='bbox 1258 1383 1410 1442; x_wconf 88' lang='lat' dir='ltr'><strong>quae</strong></span> <span class='ocrx_word' id='word_1_86' title='bbox 1446 1367 1513 1425; x_wconf 82' lang='lat' dir='ltr'><strong>fit</strong></span> <span class='ocrx_word' id='word_1_87' title='bbox 1547 1386 1656 1443; x_wconf 91' lang='lat' dir='ltr'><strong>per</strong></span> <span class='ocrx_word' id='word_1_88' title='bbox 1692 1376 1868 1444; x_wconf 84' lang='lat' dir='ltr'><strong>typos</strong></span> <span class='ocrx_word' id='word_1_89' title='bbox 1919 1367 2141 1424; x_wconf 83' lang='lat' dir='ltr'><strong>formae</strong></span> <span class='ocrx_word' id='word_1_90' title='bbox 2191 1366 2393 1425; x_wconf 88' lang='lat' dir='ltr'><strong>coele-</strong></span> 
     </span>
     <span class='ocr_line' id='line_1_11' title="bbox 280 1466 2393 1545; baseline -0.001 -18"><span class='ocrx_word' id='word_1_91' title='bbox 280 1469 430 1534; x_wconf 77' lang='lat' dir='ltr'><strong>stiS,</strong></span> <span class='ocrx_word' id='word_1_92' title='bbox 482 1467 542 1523; x_wconf 90' lang='lat' dir='ltr'><strong>in</strong></span> <span class='ocrx_word' id='word_1_93' title='bbox 583 1483 699 1524; x_wconf 90' lang='lat' dir='ltr'><strong>usu</strong></span> <span class='ocrx_word' id='word_1_94' title='bbox 736 1473 830 1523; x_wconf 91' lang='lat' dir='ltr'><strong>est</strong></span> <span class='ocrx_word' id='word_1_95' title='bbox 866 1467 925 1522; x_wconf 91' lang='lat' dir='ltr'><strong>in</strong></span> <span class='ocrx_word' id='word_1_96' title='bbox 967 1468 1171 1524; x_wconf 84' lang='lat' dir='ltr'><strong>intimo</strong></span> <span class='ocrx_word' id='word_1_97' title='bbox 1211 1466 1428 1542; x_wconf 84' lang='lat' dir='ltr'><strong>Coelo,</strong></span> <span class='ocrx_word' id='word_1_98' title='bbox 1487 1468 1590 1527; x_wconf 93' lang='lat' dir='ltr'><strong>ubi</strong></span> <span class='ocrx_word' id='word_1_99' title='bbox 1629 1471 1689 1526; x_wconf 91' lang='lat' dir='ltr'><strong>in</strong></span> <span class='ocrx_word' id='word_1_100' title='bbox 1730 1470 2025 1545; x_wconf 84' lang='lat' dir='ltr'><strong>sapientia</strong></span> <span class='ocrx_word' id='word_1_101' title='bbox 2065 1485 2211 1543; x_wconf 85' lang='lat' dir='ltr'><strong>prae</strong></span> <span class='ocrx_word' id='word_1_102' title='bbox 2250 1466 2393 1525; x_wconf 88' lang='lat' dir='ltr'><strong>reli·-</strong></span> 
     </span>
     <span class='ocr_line' id='line_1_12' title="bbox 282 1568 2393 1646; baseline 0 -20"><span class='ocrx_word' id='word_1_103' title='bbox 282 1569 416 1645; x_wconf 91' lang='lat' dir='ltr'><strong>quis</strong></span> <span class='ocrx_word' id='word_1_104' title='bbox 446 1576 603 1641; x_wconf 88' lang='lat' dir='ltr'><strong>sunt,</strong></span> <span class='ocrx_word' id='word_1_105' title='bbox 644 1568 1055 1642; x_wconf 84' lang='lat' dir='ltr'><strong>exprimuntur</strong></span> <span class='ocrx_word' id='word_1_106' title='bbox 1081 1584 1192 1644; x_wconf 90' lang='lat' dir='ltr'><strong>per</strong></span> <span class='ocrx_word' id='word_1_107' title='bbox 1218 1568 1354 1627; x_wconf 88' lang='lat' dir='ltr'><strong>illos</strong></span> <span class='ocrx_word' id='word_1_108' title='bbox 1385 1569 1761 1643; x_wconf 81' lang='lat' dir='ltr'><strong>affectiones,</strong></span> <span class='ocrx_word' id='word_1_109' title='bbox 1829 1587 1866 1626; x_wconf 90' lang='lat' dir='ltr'><strong>a</strong></span> <span class='ocrx_word' id='word_1_110' title='bbox 1904 1568 2120 1646; x_wconf 90' lang='lat' dir='ltr'><strong>quibus</strong></span> <span class='ocrx_word' id='word_1_111' title='bbox 2160 1570 2393 1644; x_wconf 86' lang='lat' dir='ltr'><strong>cogita-</strong></span> 
     </span>
     <span class='ocr_line' id='line_1_13' title="bbox 281 1668 2395 1745; baseline 0.001 -20"><span class='ocrx_word' id='word_1_112' title='bbox 281 1670 476 1727; x_wconf 92' lang='lat' dir='ltr'><strong>tiones</strong></span> <span class='ocrx_word' id='word_1_113' title='bbox 514 1668 708 1726; x_wconf 88' lang='lat' dir='ltr'><strong>fluunt</strong></span> <span class='ocrx_word' id='word_1_114' title='bbox 745 1674 806 1724; x_wconf 89' lang='lat' dir='ltr'><strong>et</strong></span> <span class='ocrx_word' id='word_1_115' title='bbox 842 1674 1292 1744; x_wconf 83' lang='lat' dir='ltr'><strong>consequuntur</strong></span> <span class='ocrx_word' id='word_1_116' title='bbox 1328 1669 1533 1728; x_wconf 89' lang='lat' dir='ltr'><strong>ordine</strong></span> <span class='ocrx_word' id='word_1_117' title='bbox 1571 1671 1897 1729; x_wconf 89' lang='lat' dir='ltr'><strong>secundum</strong></span> <span class='ocrx_word' id='word_1_118' title='bbox 1935 1671 2024 1727; x_wconf 79' lang='lat' dir='ltr'><strong>rei</strong></span> <span class='ocrx_word' id='word_1_119' title='bbox 2059 1669 2395 1745; x_wconf 90' lang='lat' dir='ltr'><strong>subjectum</strong></span> 
     </span>
     <span class='ocr_line' id='line_1_14' title="bbox 283 1767 2392 1845; baseline 0 -18"><span class='ocrx_word' id='word_1_120' title='bbox 283 1768 357 1828; x_wconf 87' lang='lat' dir='ltr'><strong>de</strong></span> <span class='ocrx_word' id='word_1_121' title='bbox 397 1783 514 1845; x_wconf 88' lang='lat' dir='ltr'><strong>quo</strong></span> <span class='ocrx_word' id='word_1_122' title='bbox 553 1769 776 1845; x_wconf 85' lang='lat' dir='ltr'><strong>agitur3</strong></span> <span class='ocrx_word' id='word_1_123' title='bbox 849 1767 986 1826; x_wconf 91' lang='lat' dir='ltr'><strong>inde</strong></span> <span class='ocrx_word' id='word_1_124' title='bbox 1019 1776 1143 1837; x_wconf 86' lang='lat' dir='ltr'><strong>est,</strong></span> <span class='ocrx_word' id='word_1_125' title='bbox 1204 1770 1363 1844; x_wconf 92' lang='lat' dir='ltr'><strong>quod</strong></span> <span class='ocrx_word' id='word_1_126' title='bbox 1400 1772 1733 1845; x_wconf 87' lang='lat' dir='ltr'><strong>scripturae</strong></span> <span class='ocrx_word' id='word_1_127' title='bbox 1769 1771 1908 1829; x_wconf 90' lang='lat' dir='ltr'><strong>illae</strong></span> <span class='ocrx_word' id='word_1_128' title='bbox 1948 1769 2255 1828; x_wconf 79' lang='lat' dir='ltr'><strong>involvant</strong></span> <span class='ocrx_word' id='word_1_129' title='bbox 2291 1787 2392 1827; x_wconf 86' lang='lat' dir='ltr'><strong>ar·</strong></span> 
     </span>
     <span class='ocr_line' id='line_1_15' title="bbox 281 1866 2393 1946; baseline -0.001 -18"><span class='ocrx_word' id='word_1_130' title='bbox 281 1885 461 1943; x_wconf 77' lang='lat' dir='ltr'><strong>cana,</strong></span> <span class='ocrx_word' id='word_1_131' title='bbox 524 1886 678 1945; x_wconf 88' lang='lat' dir='ltr'><strong>quae</strong></span> <span class='ocrx_word' id='word_1_132' title='bbox 732 1866 1031 1926; x_wconf 86' lang='lat' dir='ltr'><strong>exhauriri</strong></span> <span class='ocrx_word' id='word_1_133' title='bbox 1085 1874 1441 1944; x_wconf 83' lang='lat' dir='ltr'><strong>cogitatione</strong></span> <span class='ocrx_word' id='word_1_134' title='bbox 1495 1877 1857 1946; x_wconf 85' lang='lat' dir='ltr'><strong>nequeunt3·</strong></span> <span class='ocrx_word' id='word_1_135' title='bbox 1900 1869 2012 1927; x_wconf 88' lang='lat' dir='ltr'><strong>has</strong></span> <span class='ocrx_word' id='word_1_136' title='bbox 2064 1872 2393 1945; x_wconf 89' lang='lat' dir='ltr'><strong>scripturas</strong></span> 
     </span>
     <span class='ocr_line' id='line_1_16' title="bbox 285 1968 2393 2029; baseline -0 -1"><span class='ocrx_word' id='word_1_137' title='bbox 285 1970 488 2028; x_wconf 88' lang='lat' dir='ltr'><strong>datum</strong></span> <span class='ocrx_word' id='word_1_138' title='bbox 529 1972 707 2028; x_wconf 84' lang='lat' dir='ltr'><strong>etiam</strong></span> <span class='ocrx_word' id='word_1_139' title='bbox 745 1976 836 2027; x_wconf 85' lang='lat' dir='ltr'><strong>est</strong></span> <span class='ocrx_word' id='word_1_140' title='bbox 889 1969 1114 2028; x_wconf 80' lang='lat' dir='ltr'><strong>videre.</strong></span> <span class='ocrx_word' id='word_1_141' title='bbox 1189 1972 1271 2029; x_wconf 91' lang='lat' dir='ltr'><strong>At</strong></span> <span class='ocrx_word' id='word_1_142' title='bbox 1307 1973 1365 2028; x_wconf 91' lang='lat' dir='ltr'><strong>in</strong></span> <span class='ocrx_word' id='word_1_143' title='bbox 1404 1969 1605 2029; x_wconf 85' lang='lat' dir='ltr'><strong>Coelis</strong></span> <span class='ocrx_word' id='word_1_144' title='bbox 1640 1969 2021 2028; x_wconf 84' lang='lat' dir='ltr'><strong>inferioribus</strong></span> <span class='ocrx_word' id='word_1_145' title='bbox 2074 1987 2187 2027; x_wconf 90' lang='lat' dir='ltr'><strong>non</strong></span> <span class='ocrx_word' id='word_1_146' title='bbox 2239 1968 2393 2027; x_wconf 87' lang='lat' dir='ltr'><strong>tales</strong></span> 
     </span>
     <span class='ocr_line' id='line_1_17' title="bbox 276 2069 2392 2147; baseline -0.001 -18"><span class='ocrx_word' id='word_1_147' title='bbox 276 2073 615 2147; x_wconf 84' lang='lat' dir='ltr'><strong>scripturae</strong></span> <span class='ocrx_word' id='word_1_148' title='bbox 656 2077 826 2143; x_wconf 77' lang='lat' dir='ltr'><strong>sunt3</strong></span> <span class='ocrx_word' id='word_1_149' title='bbox 891 2073 1227 2146; x_wconf 84' lang='lat' dir='ltr'><strong>scripturae</strong></span> <span class='ocrx_word' id='word_1_150' title='bbox 1271 2073 1331 2129; x_wconf 90' lang='lat' dir='ltr'><strong>in</strong></span> <span class='ocrx_word' id='word_1_151' title='bbox 1376 2071 1469 2130; x_wconf 90' lang='lat' dir='ltr'><strong>his</strong></span> <span class='ocrx_word' id='word_1_152' title='bbox 1501 2071 1701 2130; x_wconf 88' lang='lat' dir='ltr'><strong>Coelis</strong></span> <span class='ocrx_word' id='word_1_153' title='bbox 1747 2077 1887 2129; x_wconf 86' lang='lat' dir='ltr'><strong>sunt</strong></span> <span class='ocrx_word' id='word_1_154' title='bbox 1930 2069 2154 2128; x_wconf 78' lang='lat' dir='ltr'><strong>similes</strong></span> <span class='ocrx_word' id='word_1_155' title='bbox 2198 2071 2392 2145; x_wconf 90' lang='lat' dir='ltr'><strong>scrip-</strong></span> 
     </span>
     <span class='ocr_line' id='line_1_18' title="bbox 278 2170 2394 2248; baseline -0.001 -18"><span class='ocrx_word' id='word_1_156' title='bbox 278 2174 429 2230; x_wconf 85' lang='lat' dir='ltr'><strong>turis</strong></span> <span class='ocrx_word' id='word_1_157' title='bbox 460 2173 522 2228; x_wconf 91' lang='lat' dir='ltr'><strong>in</strong></span> <span class='ocrx_word' id='word_1_158' title='bbox 558 2170 804 2246; x_wconf 85' lang='lat' dir='ltr'><strong>mundo,</strong></span> <span class='ocrx_word' id='word_1_159' title='bbox 863 2171 1156 2233; x_wconf 86' lang='lat' dir='ltr'><strong>similibus</strong></span> <span class='ocrx_word' id='word_1_160' title='bbox 1196 2172 1420 2247; x_wconf 84' lang='lat' dir='ltr'><strong>literis,</strong></span> <span class='ocrx_word' id='word_1_161' title='bbox 1471 2170 1581 2232; x_wconf 91' lang='lat' dir='ltr'><strong>sed</strong></span> <span class='ocrx_word' id='word_1_162' title='bbox 1616 2189 1807 2247; x_wconf 84' lang='lat' dir='ltr'><strong>usque</strong></span> <span class='ocrx_word' id='word_1_163' title='bbox 1837 2190 1949 2231; x_wconf 91' lang='lat' dir='ltr'><strong>non</strong></span> <span class='ocrx_word' id='word_1_164' title='bbox 1988 2170 2394 2248; x_wconf 83' lang='lat' dir='ltr'><strong>intelligibiles</strong></span> 
     </span>
     <span class='ocr_line' id='line_1_19' title="bbox 210 2271 2393 2352; baseline -0.003 -17"><span class='ocrx_word' id='word_1_165' title='bbox 210 2332 215 2335; x_wconf 82' lang='grc'><strong>,</strong></span> <span class='ocrx_word' id='word_1_166' title='bbox 276 2273 536 2341; x_wconf 90' lang='lat' dir='ltr'><strong>homini,</strong></span> <span class='ocrx_word' id='word_1_167' title='bbox 591 2274 731 2348; x_wconf 88' lang='lat' dir='ltr'><strong>quia</strong></span> <span class='ocrx_word' id='word_1_168' title='bbox 761 2275 902 2331; x_wconf 86' lang='lat' dir='ltr'><strong>sunt</strong></span> <span class='ocrx_word' id='word_1_169' title='bbox 942 2275 1002 2331; x_wconf 90' lang='lat' dir='ltr'><strong>in</strong></span> <span class='ocrx_word' id='word_1_170' title='bbox 1028 2274 1263 2352; x_wconf 83' lang='lat' dir='ltr'><strong>Lingua</strong></span> <span class='ocrx_word' id='word_1_171' title='bbox 1285 2273 1586 2351; x_wconf 87' lang='lat' dir='ltr'><strong>angelica,</strong></span> <span class='ocrx_word' id='word_1_172' title='bbox 1639 2279 1698 2332; x_wconf 89' lang='lat' dir='ltr'><strong>et</strong></span> <span class='ocrx_word' id='word_1_173' title='bbox 1728 2274 1963 2350; x_wconf 85' lang='lat' dir='ltr'><strong>Lingua</strong></span> <span class='ocrx_word' id='word_1_174' title='bbox 1997 2271 2268 2348; x_wconf 88' lang='lat' dir='ltr'><strong>angelica</strong></span> <span class='ocrx_word' id='word_1_175' title='bbox 2297 2280 2393 2329; x_wconf 88' lang='lat' dir='ltr'><strong>ta-</strong></span> 
     </span>
    </p>

    <p class='ocr_par' dir='ltr' id='par_1_4' title="bbox 172 2374 2397 4364">
     <span class='ocr_line' id='line_1_20' title="bbox 275 2374 2393 2450; baseline -0 -18"><span class='ocrx_word' id='word_1_176' title='bbox 275 2374 363 2440; x_wconf 82' lang='lat' dir='ltr'><strong>lis</strong></span> <span class='ocrx_word' id='word_1_177' title='bbox 386 2380 498 2442; x_wconf 87' lang='lat' dir='ltr'><strong>est,</strong></span> <span class='ocrx_word' id='word_1_178' title='bbox 531 2379 598 2430; x_wconf 89' lang='lat' dir='ltr'><strong>ut</strong></span> <span class='ocrx_word' id='word_1_179' title='bbox 629 2391 746 2432; x_wconf 91' lang='lat' dir='ltr'><strong>non</strong></span> <span class='ocrx_word' id='word_1_180' title='bbox 771 2388 1082 2433; x_wconf 89' lang='lat' dir='ltr'><strong>commune</strong></span> <span class='ocrx_word' id='word_1_181' title='bbox 1110 2375 1333 2435; x_wconf 87' lang='lat' dir='ltr'><strong>habeat</strong></span> <span class='ocrx_word' id='word_1_182' title='bbox 1359 2392 1491 2434; x_wconf 88' lang='lat' dir='ltr'><strong>cum</strong></span> <span class='ocrx_word' id='word_1_183' title='bbox 1522 2374 1767 2450; x_wconf 88' lang='lat' dir='ltr'><strong>Linguis</strong></span> <span class='ocrx_word' id='word_1_184' title='bbox 1795 2375 2102 2442; x_wconf 86' lang='lat' dir='ltr'><strong>humanis,</strong></span> <span class='ocrx_word' id='word_1_185' title='bbox 2136 2391 2198 2443; x_wconf 83' lang='lat' dir='ltr'><strong>n:</strong></span> <span class='ocrx_word' id='word_1_186' title='bbox 2229 2375 2393 2447; x_wconf 75' lang='lat'><strong>2373</strong></span> 
     </span>
     <span class='ocr_line' id='line_1_21' title="bbox 280 2470 2396 2552; baseline -0.002 -18"><span class='ocrx_word' id='word_1_187' title='bbox 280 2493 392 2552; x_wconf 89' lang='lat' dir='ltr'><strong>per</strong></span> <span class='ocrx_word' id='word_1_188' title='bbox 423 2473 666 2532; x_wconf 73' lang='lat' dir='ltr'><strong>vocales</strong></span> <span class='ocrx_word' id='word_1_189' title='bbox 699 2477 853 2534; x_wconf 84' lang='lat' dir='ltr'><strong>enim</strong></span> <span class='ocrx_word' id='word_1_190' title='bbox 897 2477 1234 2550; x_wconf 82' lang='lat' dir='ltr'><strong>exprimunt</strong></span> <span class='ocrx_word' id='word_1_191' title='bbox 1262 2475 1625 2548; x_wconf 78' lang='lat' dir='ltr'><strong>affectioneS,</strong></span> <span class='ocrx_word' id='word_1_192' title='bbox 1665 2492 1776 2549; x_wconf 88' lang='lat' dir='ltr'><strong>per</strong></span> <span class='ocrx_word' id='word_1_193' title='bbox 1802 2479 2204 2533; x_wconf 85' lang='lat' dir='ltr'><strong>consonantes</strong></span> <span class='ocrx_word' id='word_1_194' title='bbox 2227 2470 2396 2541; x_wconf 74' lang='lat' dir='ltr'><strong>ideas</strong></span> 
     </span>
     <span class='ocr_line' id='line_1_22' title="bbox 279 2572 2397 2653; baseline -0.003 -19"><span class='ocrx_word' id='word_1_195' title='bbox 279 2577 659 2653; x_wconf 86' lang='lat' dir='ltr'><strong>cogitationis</strong></span> <span class='ocrx_word' id='word_1_196' title='bbox 713 2594 786 2635; x_wconf 84' lang='lat' dir='ltr'><strong>ex</strong></span> <span class='ocrx_word' id='word_1_197' title='bbox 834 2576 1282 2646; x_wconf 85' lang='lat' dir='ltr'><strong>affectionibus,</strong></span> <span class='ocrx_word' id='word_1_198' title='bbox 1350 2582 1410 2634; x_wconf 92' lang='lat' dir='ltr'><strong>et</strong></span> <span class='ocrx_word' id='word_1_199' title='bbox 1456 2592 1568 2651; x_wconf 89' lang='lat' dir='ltr'><strong>per</strong></span> <span class='ocrx_word' id='word_1_200' title='bbox 1612 2591 1795 2633; x_wconf 89' lang='lat' dir='ltr'><strong>voces</strong></span> <span class='ocrx_word' id='word_1_201' title='bbox 1852 2592 1927 2631; x_wconf 84' lang='lat' dir='ltr'><strong>ex</strong></span> <span class='ocrx_word' id='word_1_202' title='bbox 1959 2572 2099 2632; x_wconf 89' lang='lat' dir='ltr'><strong>illis</strong></span> <span class='ocrx_word' id='word_1_203' title='bbox 2152 2588 2397 2630; x_wconf 90' lang='lat' dir='ltr'><strong>sensum</strong></span> 
     </span>
     <span class='ocr_line' id='line_1_23' title="bbox 277 2673 2391 2758; baseline -0.003 -23"><span class='ocrx_word' id='word_1_204' title='bbox 277 2679 399 2750; x_wconf 76' lang='lat' dir='ltr'><strong>rei,</strong></span> <span class='ocrx_word' id='word_1_205' title='bbox 447 2675 727 2735; x_wconf 86' lang='lat' dir='ltr'><strong>videatur</strong></span> <span class='ocrx_word' id='word_1_206' title='bbox 761 2695 946 2758; x_wconf 91' lang='lat' dir='ltr'><strong>supra</strong></span> <span class='ocrx_word' id='word_1_207' title='bbox 981 2696 1049 2736; x_wconf 85' lang='lat' dir='ltr'><strong>n:</strong></span> <span class='ocrx_word' id='word_1_208' title='bbox 1099 2679 1257 2736; x_wconf 80' lang='lat'><strong>236.</strong></span> <span class='ocrx_word' id='word_1_209' title='bbox 1303 2678 1465 2734; x_wconf 83' lang='lat'>241.</span> <span class='ocrx_word' id='word_1_210' title='bbox 1529 2675 1700 2733; x_wconf 91' lang='lat' dir='ltr'><strong>Haec</strong></span> <span class='ocrx_word' id='word_1_211' title='bbox 1738 2677 2040 2750; x_wconf 86' lang='lat' dir='ltr'><strong>scriptura</strong></span> <span class='ocrx_word' id='word_1_212' title='bbox 2078 2675 2257 2731; x_wconf 85' lang='lat' dir='ltr'><strong>etiam</strong></span> <span class='ocrx_word' id='word_1_213' title='bbox 2296 2673 2391 2729; x_wconf 90' lang='lat' dir='ltr'><strong>in·</strong></span> 
     </span>
     <span class='ocr_line' id='line_1_24' title="bbox 275 2773 2397 2854; baseline -0.002 -19"><span class='ocrx_word' id='word_1_214' title='bbox 275 2778 465 2836; x_wconf 85' lang='lat' dir='ltr'><strong>volvit</strong></span> <span class='ocrx_word' id='word_1_215' title='bbox 511 2779 724 2853; x_wconf 88' lang='lat' dir='ltr'><strong>paucis</strong></span> <span class='ocrx_word' id='word_1_216' title='bbox 779 2778 1028 2839; x_wconf 84' lang='lat' dir='ltr'><strong>vocibus</strong></span> <span class='ocrx_word' id='word_1_217' title='bbox 1082 2777 1259 2854; x_wconf 89' lang='lat' dir='ltr'><strong>plura</strong></span> <span class='ocrx_word' id='word_1_218' title='bbox 1312 2794 1491 2852; x_wconf 78' lang='lat' dir='ltr'><strong>quam</strong></span> <span class='ocrx_word' id='word_1_219' title='bbox 1531 2774 1709 2834; x_wconf 76' lang='lat' dir='ltr'><strong>homo</strong></span> <span class='ocrx_word' id='word_1_220' title='bbox 1756 2781 1958 2852; x_wconf 88' lang='lat' dir='ltr'><strong>potest</strong></span> <span class='ocrx_word' id='word_1_221' title='bbox 2007 2791 2118 2850; x_wconf 91' lang='lat' dir='ltr'><strong>per</strong></span> <span class='ocrx_word' id='word_1_222' title='bbox 2166 2773 2397 2849; x_wconf 88' lang='lat' dir='ltr'><strong>aliquot</strong></span> 
     </span>
     <span class='ocr_line' id='line_1_25' title="bbox 276 2876 2390 2956; baseline -0.002 -18"><span class='ocrx_word' id='word_1_223' title='bbox 276 2881 531 2956; x_wconf 85' lang='lat' dir='ltr'><strong>paginas</strong></span> <span class='ocrx_word' id='word_1_224' title='bbox 582 2877 953 2940; x_wconf 88' lang='lat' dir='ltr'><strong>describere:</strong></span> <span class='ocrx_word' id='word_1_225' title='bbox 1017 2880 1185 2938; x_wconf 82' lang='lat' dir='ltr'><strong>visae</strong></span> <span class='ocrx_word' id='word_1_226' title='bbox 1235 2879 1412 2936; x_wconf 88' lang='lat' dir='ltr'><strong>etiam</strong></span> <span class='ocrx_word' id='word_1_227' title='bbox 1463 2876 1606 2935; x_wconf 90' lang='lat' dir='ltr'><strong>mihi</strong></span> <span class='ocrx_word' id='word_1_228' title='bbox 1657 2876 1797 2935; x_wconf 85' lang='lat' dir='ltr'><strong>illae</strong></span> <span class='ocrx_word' id='word_1_229' title='bbox 1844 2878 2179 2952; x_wconf 88' lang='lat' dir='ltr'><strong>scripturae</strong></span> <span class='ocrx_word' id='word_1_230' title='bbox 2234 2879 2390 2933; x_wconf 89' lang='lat' dir='ltr'><strong>sunt.</strong></span> 
     </span>
     <span class='ocr_line' id='line_1_26' title="bbox 274 2976 2396 3054; baseline -0.002 -15"><span class='ocrx_word' id='word_1_231' title='bbox 274 2978 373 3039; x_wconf 88' lang='lat' dir='ltr'><strong>Ita</strong></span> <span class='ocrx_word' id='word_1_232' title='bbox 409 2981 811 3054; x_wconf 88' lang='lat' dir='ltr'><strong>conscriptum</strong></span> <span class='ocrx_word' id='word_1_233' title='bbox 847 2979 1072 3039; x_wconf 88' lang='lat' dir='ltr'><strong>habent</strong></span> <span class='ocrx_word' id='word_1_234' title='bbox 1107 2978 1374 3037; x_wconf 88' lang='lat' dir='ltr'><strong>Verbum</strong></span> <span class='ocrx_word' id='word_1_235' title='bbox 1401 2981 1461 3036; x_wconf 91' lang='lat' dir='ltr'><strong>in</strong></span> <span class='ocrx_word' id='word_1_236' title='bbox 1499 2976 1697 3037; x_wconf 85' lang='lat' dir='ltr'><strong>Coelis</strong></span> <span class='ocrx_word' id='word_1_237' title='bbox 1733 2977 2131 3050; x_wconf 79' lang='lat' dir='ltr'><strong>inferioribuS,</strong></span> <span class='ocrx_word' id='word_1_238' title='bbox 2188 2984 2248 3035; x_wconf 89' lang='lat' dir='ltr'><strong>et</strong></span> <span class='ocrx_word' id='word_1_239' title='bbox 2282 2992 2396 3052; x_wconf 90' lang='lat' dir='ltr'><strong>per</strong></span> 
     </span>
     <span class='ocr_line' id='line_1_27' title="bbox 238 3078 1398 3164; baseline 0 -26"><span class='ocrx_word' id='word_1_240' title='bbox 238 3078 498 3164; x_wconf 33' lang='lat' dir='ltr'><strong>{formas</strong></span> <span class='ocrx_word' id='word_1_241' title='bbox 537 3078 833 3140; x_wconf 88' lang='lat' dir='ltr'><strong>coelestes</strong></span> <span class='ocrx_word' id='word_1_242' title='bbox 871 3083 931 3139; x_wconf 93' lang='lat' dir='ltr'><strong>in</strong></span> <span class='ocrx_word' id='word_1_243' title='bbox 960 3079 1142 3139; x_wconf 85' lang='lat' dir='ltr'><strong>Coelo</strong></span> <span class='ocrx_word' id='word_1_244' title='bbox 1175 3082 1398 3139; x_wconf 76' lang='lat' dir='ltr'><strong>intimo,</strong></span> 
     </span>
     <span class='ocr_line' id='line_1_28' title="bbox 264 3178 2393 3259; baseline -0.001 -20"><span class='ocrx_word' id='word_1_245' title='bbox 264 3201 289 3224; x_wconf 67' lang='lat'>⁶</span> <span class='ocrx_word' id='word_1_246' title='bbox 432 3184 595 3239; x_wconf 81' lang='lat'><strong>262.</strong></span> <span class='ocrx_word' id='word_1_247' title='bbox 667 3181 1054 3241; x_wconf 89' lang='lat' dir='ltr'><strong>Memorabile</strong></span> <span class='ocrx_word' id='word_1_248' title='bbox 1093 3187 1215 3255; x_wconf 85' lang='lat' dir='ltr'><strong>est,</strong></span> <span class='ocrx_word' id='word_1_249' title='bbox 1275 3180 1433 3257; x_wconf 88' lang='lat' dir='ltr'><strong>quod</strong></span> <span class='ocrx_word' id='word_1_250' title='bbox 1479 3181 1821 3259; x_wconf 84' lang='lat' dir='ltr'><strong>scripturae</strong></span> <span class='ocrx_word' id='word_1_251' title='bbox 1868 3180 1929 3238; x_wconf 91' lang='lat' dir='ltr'><strong>in</strong></span> <span class='ocrx_word' id='word_1_252' title='bbox 1968 3178 2167 3238; x_wconf 89' lang='lat' dir='ltr'><strong>Coelis</strong></span> <span class='ocrx_word' id='word_1_253' title='bbox 2204 3178 2393 3236; x_wconf 84' lang='lat' dir='ltr'><strong>fluant</strong></span> 
     </span>
     <span class='ocr_line' id='line_1_29' title="bbox 274 3279 2388 3360; baseline -0.003 -20"><span class='ocrx_word' id='word_1_254' title='bbox 274 3281 635 3340; x_wconf 88' lang='lat' dir='ltr'><strong>naturaliter</strong></span> <span class='ocrx_word' id='word_1_255' title='bbox 681 3300 753 3341; x_wconf 85' lang='lat' dir='ltr'><strong>ex</strong></span> <span class='ocrx_word' id='word_1_256' title='bbox 805 3285 956 3360; x_wconf 83' lang='lat' dir='ltr'><strong>ipsis</strong></span> <span class='ocrx_word' id='word_1_257' title='bbox 1010 3299 1215 3340; x_wconf 90' lang='lat' dir='ltr'><strong>eorum</strong></span> <span class='ocrx_word' id='word_1_258' title='bbox 1252 3280 1715 3359; x_wconf 88' lang='lat' dir='ltr'><strong>cogitationibus</strong></span> <span class='ocrx_word' id='word_1_259' title='bbox 1729 3323 1745 3352; x_wconf 89' lang='lat'><em>‚</em></span> <span class='ocrx_word' id='word_1_260' title='bbox 1802 3286 1925 3338; x_wconf 84' lang='lat' dir='ltr'><strong>tam</strong></span> <span class='ocrx_word' id='word_1_261' title='bbox 1974 3279 2132 3337; x_wconf 81' lang='lat' dir='ltr'><strong>sacili</strong></span> <span class='ocrx_word' id='word_1_262' title='bbox 2184 3294 2388 3354; x_wconf 89' lang='lat' dir='ltr'><strong>opera,</strong></span> 
     </span>
     <span class='ocr_line' id='line_1_30' title="bbox 276 3377 2390 3460; baseline -0.003 -20"><span class='ocrx_word' id='word_1_263' title='bbox 276 3388 346 3440; x_wconf 91' lang='lat' dir='ltr'><strong>ut</strong></span> <span class='ocrx_word' id='word_1_264' title='bbox 373 3385 452 3440; x_wconf 91' lang='lat' dir='ltr'><strong>sit</strong></span> <span class='ocrx_word' id='word_1_265' title='bbox 488 3384 662 3458; x_wconf 90' lang='lat' dir='ltr'><strong>quasi</strong></span> <span class='ocrx_word' id='word_1_266' title='bbox 701 3385 980 3460; x_wconf 89' lang='lat' dir='ltr'><strong>cogitatio</strong></span> <span class='ocrx_word' id='word_1_267' title='bbox 1017 3399 1083 3440; x_wconf 88' lang='lat' dir='ltr'><strong>se</strong></span> <span class='ocrx_word' id='word_1_268' title='bbox 1123 3382 1340 3459; x_wconf 80' lang='lat' dir='ltr'><strong>ejiciat,</strong></span> <span class='ocrx_word' id='word_1_269' title='bbox 1380 3400 1492 3440; x_wconf 91' lang='lat' dir='ltr'><strong>nec</strong></span> <span class='ocrx_word' id='word_1_270' title='bbox 1528 3383 1740 3439; x_wconf 85' lang='lat' dir='ltr'><strong>haeret</strong></span> <span class='ocrx_word' id='word_1_271' title='bbox 1770 3394 1980 3437; x_wconf 86' lang='lat' dir='ltr'><strong>manus</strong></span> <span class='ocrx_word' id='word_1_272' title='bbox 2006 3382 2064 3436; x_wconf 91' lang='lat' dir='ltr'><strong>in</strong></span> <span class='ocrx_word' id='word_1_273' title='bbox 2096 3377 2390 3437; x_wconf 89' lang='lat' dir='ltr'><strong>electione</strong></span> 
     </span>
     <span class='ocr_line' id='line_1_31' title="bbox 172 3481 2392 3560; baseline -0.003 -20"><span class='ocrx_word' id='word_1_274' title='bbox 172 3505 177 3509; x_wconf 90' lang='lat'><strong>·</strong></span> <span class='ocrx_word' id='word_1_275' title='bbox 275 3482 532 3560; x_wconf 86' lang='lat' dir='ltr'><strong>alicujus</strong></span> <span class='ocrx_word' id='word_1_276' title='bbox 574 3486 769 3554; x_wconf 86' lang='lat' dir='ltr'><strong>vocis,</strong></span> <span class='ocrx_word' id='word_1_277' title='bbox 820 3486 961 3559; x_wconf 90' lang='lat' dir='ltr'><strong>quia</strong></span> <span class='ocrx_word' id='word_1_278' title='bbox 1013 3499 1194 3543; x_wconf 77' lang='lat' dir='ltr'><strong>voces</strong></span> <span class='ocrx_word' id='word_1_279' title='bbox 1247 3490 1366 3540; x_wconf 87' lang='lat' dir='ltr'><strong>tam</strong></span> <span class='ocrx_word' id='word_1_280' title='bbox 1414 3499 1562 3558; x_wconf 87' lang='lat' dir='ltr'><strong>quas</strong></span> <span class='ocrx_word' id='word_1_281' title='bbox 1615 3481 1973 3555; x_wconf 89' lang='lat' dir='ltr'><strong>eloquuntur</strong></span> <span class='ocrx_word' id='word_1_282' title='bbox 2017 3495 2196 3554; x_wconf 89' lang='lat' dir='ltr'><strong>quam</strong></span> <span class='ocrx_word' id='word_1_283' title='bbox 2243 3492 2392 3551; x_wconf 90' lang='lat' dir='ltr'><strong>quas</strong></span> 
     </span>
     <span class='ocr_line' id='line_1_32' title="bbox 280 3563 2391 3660; baseline -0.003 -19"><span class='ocrx_word' id='word_1_284' title='bbox 280 3582 578 3653; x_wconf 87' lang='lat' dir='ltr'><strong>scribunt,</strong></span> <span class='ocrx_word' id='word_1_285' title='bbox 643 3584 1114 3660; x_wconf 91' lang='lat' dir='ltr'><strong>correspondent</strong></span> <span class='ocrx_word' id='word_1_286' title='bbox 1161 3583 1314 3641; x_wconf 88' lang='lat' dir='ltr'><strong>ideis</strong></span> <span class='ocrx_word' id='word_1_287' title='bbox 1363 3582 1740 3658; x_wconf 86' lang='lat' dir='ltr'><strong>cogitationis</strong></span> <span class='ocrx_word' id='word_1_288' title='bbox 1793 3563 1996 3639; x_wconf 85' lang='lat' dir='ltr'><strong>eorum</strong></span> <span class='ocrx_word' id='word_1_289' title='bbox 2022 3598 2039 3653; x_wconf 80' lang='lat'><em>3</em></span> <span class='ocrx_word' id='word_1_290' title='bbox 2108 3584 2167 3636; x_wconf 90' lang='lat' dir='ltr'><strong>et</strong></span> <span class='ocrx_word' id='word_1_291' title='bbox 2204 3579 2391 3635; x_wconf 89' lang='lat' dir='ltr'><strong>omnis</strong></span> 
     </span>
     <span class='ocr_line' id='line_1_33' title="bbox 279 3679 2390 3759; baseline -0.002 -19"><span class='ocrx_word' id='word_1_292' title='bbox 279 3684 811 3759; x_wconf 90' lang='lat' dir='ltr'><strong>correspondentia</strong></span> <span class='ocrx_word' id='word_1_293' title='bbox 853 3691 946 3743; x_wconf 89' lang='lat' dir='ltr'><strong>est</strong></span> <span class='ocrx_word' id='word_1_294' title='bbox 987 3683 1278 3742; x_wconf 85' lang='lat' dir='ltr'><strong>naturalis</strong></span> <span class='ocrx_word' id='word_1_295' title='bbox 1317 3690 1376 3740; x_wconf 88' lang='lat' dir='ltr'><strong>et</strong></span> <span class='ocrx_word' id='word_1_296' title='bbox 1412 3687 1763 3758; x_wconf 89' lang='lat' dir='ltr'><strong>spontanea.</strong></span> <span class='ocrx_word' id='word_1_297' title='bbox 1833 3679 2072 3736; x_wconf 91' lang='lat' dir='ltr'><strong>Dantur</strong></span> <span class='ocrx_word' id='word_1_298' title='bbox 2116 3680 2293 3736; x_wconf 88' lang='lat' dir='ltr'><strong>etiam</strong></span> <span class='ocrx_word' id='word_1_299' title='bbox 2333 3680 2390 3735; x_wconf 90' lang='lat' dir='ltr'><strong>in</strong></span> 
     </span>
     <span class='ocr_line' id='line_1_34' title="bbox 276 3778 2390 3860; baseline -0.002 -19"><span class='ocrx_word' id='word_1_300' title='bbox 276 3781 482 3842; x_wconf 89' lang='lat' dir='ltr'><strong>Coelis</strong></span> <span class='ocrx_word' id='word_1_301' title='bbox 520 3786 858 3860; x_wconf 87' lang='lat' dir='ltr'><strong>scripturae</strong></span> <span class='ocrx_word' id='word_1_302' title='bbox 896 3785 1126 3860; x_wconf 88' lang='lat' dir='ltr'><strong>absque</strong></span> <span class='ocrx_word' id='word_1_303' title='bbox 1176 3801 1291 3860; x_wconf 89' lang='lat' dir='ltr'><strong>ope</strong></span> <span class='ocrx_word' id='word_1_304' title='bbox 1328 3798 1573 3854; x_wconf 89' lang='lat' dir='ltr'><strong>manus,</strong></span> <span class='ocrx_word' id='word_1_305' title='bbox 1632 3797 1707 3839; x_wconf 82' lang='lat' dir='ltr'><strong>ex</strong></span> <span class='ocrx_word' id='word_1_306' title='bbox 1744 3779 1875 3838; x_wconf 88' lang='lat' dir='ltr'><strong>sola</strong></span> <span class='ocrx_word' id='word_1_307' title='bbox 1911 3778 2390 3855; x_wconf 87' lang='lat' dir='ltr'><strong>corresponden-</strong></span> 
     </span>
     <span class='ocr_line' id='line_1_35' title="bbox 272 3884 2376 3961; baseline -0.002 -19"><span class='ocrx_word' id='word_1_308' title='bbox 272 3884 357 3942; x_wconf 88' lang='lat' dir='ltr'><strong>tia</strong></span> <span class='ocrx_word' id='word_1_309' title='bbox 406 3886 863 3961; x_wconf 87' lang='lat' dir='ltr'><strong>cogitationum3</strong></span> <span class='ocrx_word' id='word_1_310' title='bbox 918 3884 1025 3944; x_wconf 86' lang='lat' dir='ltr'><strong>sed</strong></span> <span class='ocrx_word' id='word_1_311' title='bbox 1061 3885 1174 3942; x_wconf 87' lang='lat' dir='ltr'><strong>hae</strong></span> <span class='ocrx_word' id='word_1_312' title='bbox 1212 3886 1737 3958; x_wconf 87' lang='lat' dir='ltr'><strong>non-permanent.</strong></span> <span class='ocrx_word' id='word_1_313' title='bbox 2373 3899 2376 3902; x_wconf 92' lang='lat'>·</span> 
     </span>
     <span class='ocr_line' id='line_1_36' title="bbox 362 3980 2392 4062; baseline -0.002 -20"><span class='ocrx_word' id='word_1_314' title='bbox 362 4016 395 4052; x_wconf 68' lang='grc' dir='ltr'>ς</span> <span class='ocrx_word' id='word_1_315' title='bbox 429 3986 592 4043; x_wconf 85' lang='grc'><strong>263.</strong></span> <span class='ocrx_word' id='word_1_316' title='bbox 662 3986 802 4044; x_wconf 92' lang='lat' dir='ltr'><strong>Vidi</strong></span> <span class='ocrx_word' id='word_1_317' title='bbox 838 3989 1020 4044; x_wconf 88' lang='lat' dir='ltr'><strong>etiam</strong></span> <span class='ocrx_word' id='word_1_318' title='bbox 1059 3984 1400 4062; x_wconf 84' lang='lat' dir='ltr'><strong>Scripturas</strong></span> <span class='ocrx_word' id='word_1_319' title='bbox 1450 4001 1482 4041; x_wconf 89' lang='lat' dir='ltr'><strong>e</strong></span> <span class='ocrx_word' id='word_1_320' title='bbox 1539 3980 1721 4042; x_wconf 89' lang='lat' dir='ltr'><strong>Coelo</strong></span> <span class='ocrx_word' id='word_1_321' title='bbox 1775 3998 1848 4041; x_wconf 86' lang='lat' dir='ltr'><strong>ex</strong></span> <span class='ocrx_word' id='word_1_322' title='bbox 1898 3983 2078 4040; x_wconf 88' lang='lat' dir='ltr'><strong>meris</strong></span> <span class='ocrx_word' id='word_1_323' title='bbox 2130 3980 2392 4039; x_wconf 90' lang='lat' dir='ltr'><strong>numeris</strong></span> 
     </span>
     <span class='ocr_line' id='line_1_37' title="bbox 264 4083 2389 4167; baseline -0.003 -24"><span class='ocrx_word' id='word_1_324' title='bbox 264 4086 537 4158; x_wconf 61' lang='lat' dir='ltr'><strong>‚exaratis</strong></span> <span class='ocrx_word' id='word_1_325' title='bbox 583 4088 644 4144; x_wconf 90' lang='lat' dir='ltr'><strong>in</strong></span> <span class='ocrx_word' id='word_1_326' title='bbox 693 4087 897 4146; x_wconf 85' lang='lat' dir='ltr'><strong>ordine</strong></span> <span class='ocrx_word' id='word_1_327' title='bbox 949 4093 1011 4144; x_wconf 92' lang='lat' dir='ltr'><strong>et</strong></span> <span class='ocrx_word' id='word_1_328' title='bbox 1053 4089 1114 4145; x_wconf 93' lang='lat' dir='ltr'><strong>in</strong></span> <span class='ocrx_word' id='word_1_329' title='bbox 1167 4087 1356 4158; x_wconf 87' lang='lat' dir='ltr'><strong>serie,</strong></span> <span class='ocrx_word' id='word_1_330' title='bbox 1420 4085 1604 4167; x_wconf 75' lang='lat' dir='ltr'><strong>plane</strong></span> <span class='ocrx_word' id='word_1_331' title='bbox 1657 4085 1814 4141; x_wconf 90' lang='lat' dir='ltr'><strong>sicut</strong></span> <span class='ocrx_word' id='word_1_332' title='bbox 1860 4084 1923 4141; x_wconf 92' lang='lat' dir='ltr'><strong>in</strong></span> <span class='ocrx_word' id='word_1_333' title='bbox 1959 4083 2271 4159; x_wconf 90' lang='lat' dir='ltr'><strong>scripturis</strong></span> <span class='ocrx_word' id='word_1_334' title='bbox 2316 4096 2389 4138; x_wconf 84' lang='lat' dir='ltr'><strong>ex</strong></span> 
     </span>
     <span class='ocr_line' id='line_1_38' title="bbox 267 4182 2393 4263; baseline -0.003 -21"><span class='ocrx_word' id='word_1_335' title='bbox 267 4184 458 4244; x_wconf 89' lang='lat' dir='ltr'><strong>literis</strong></span> <span class='ocrx_word' id='word_1_336' title='bbox 510 4192 569 4245; x_wconf 89' lang='lat' dir='ltr'><strong>et</strong></span> <span class='ocrx_word' id='word_1_337' title='bbox 612 4185 888 4263; x_wconf 57' lang='lat' dir='ltr'><strong>vocibus,</strong></span> <span class='ocrx_word' id='word_1_338' title='bbox 943 4192 1002 4246; x_wconf 90' lang='lat' dir='ltr'><strong>et</strong></span> <span class='ocrx_word' id='word_1_339' title='bbox 1025 4190 1351 4245; x_wconf 88' lang='lat' dir='ltr'><strong>instructus</strong></span> <span class='ocrx_word' id='word_1_340' title='bbox 1403 4202 1538 4244; x_wconf 92' lang='lat' dir='ltr'><strong>sum</strong></span> <span class='ocrx_word' id='word_1_341' title='bbox 1575 4183 1735 4262; x_wconf 90' lang='lat' dir='ltr'><strong>quod</strong></span> <span class='ocrx_word' id='word_1_342' title='bbox 1771 4184 1923 4243; x_wconf 90' lang='lat' dir='ltr'><strong>haec</strong></span> <span class='ocrx_word' id='word_1_343' title='bbox 1961 4186 2261 4261; x_wconf 86' lang='lat' dir='ltr'><strong>scriptura</strong></span> <span class='ocrx_word' id='word_1_344' title='bbox 2316 4182 2393 4238; x_wconf 92' lang='lat' dir='ltr'><strong>sit</strong></span> 
     </span>
     <span class='ocr_line' id='line_1_39' title="bbox 273 4282 2393 4364; baseline -0.004 -20"><span class='ocrx_word' id='word_1_345' title='bbox 273 4302 345 4344; x_wconf 84' lang='lat' dir='ltr'><strong>ex</strong></span> <span class='ocrx_word' id='word_1_346' title='bbox 381 4287 585 4345; x_wconf 87' lang='lat' dir='ltr'><strong>intimo</strong></span> <span class='ocrx_word' id='word_1_347' title='bbox 627 4286 840 4363; x_wconf 76' lang='lat' dir='ltr'><strong>Coelo,</strong></span> <span class='ocrx_word' id='word_1_348' title='bbox 897 4293 956 4346; x_wconf 86' lang='lat' dir='ltr'><strong>et</strong></span> <span class='ocrx_word' id='word_1_349' title='bbox 993 4287 1150 4364; x_wconf 88' lang='lat' dir='ltr'><strong>quod</strong></span> <span class='ocrx_word' id='word_1_350' title='bbox 1189 4288 1468 4347; x_wconf 87' lang='lat' dir='ltr'><strong>coelestis</strong></span> <span class='ocrx_word' id='word_1_351' title='bbox 1510 4302 1715 4345; x_wconf 89' lang='lat' dir='ltr'><strong>eorum</strong></span> <span class='ocrx_word' id='word_1_352' title='bbox 1755 4285 2092 4360; x_wconf 79' lang='lat' dir='ltr'><strong>scriptura,</strong></span> <span class='ocrx_word' id='word_1_353' title='bbox 2163 4282 2234 4339; x_wconf 90' lang='lat' dir='ltr'><strong>de</strong></span> <span class='ocrx_word' id='word_1_354' title='bbox 2275 4296 2393 4356; x_wconf 88' lang='lat' dir='ltr'><strong>qua</strong></span> 
     </span>
    </p>
   </div>
  </div>
 </body>
</html>
