3013 5114
314 419 961 478 CONSOCIATIONES
986 421 1097 474 ἘΤ
1141 420 1840 479 COMMUNICATIONES
1879 421 1954 475 IN
1990 421 2251 477 COELO.
2334 432 2442 485 109

313 581 575 642 dicetur.
667 581 846 657 Quod
894 589 1018 641 tres
1068 581 1236 641 Coeli
1275 584 1425 652 sint,
1488 588 1549 642 et
1583 582 1671 641 illi
1704 584 1858 642 inter
1894 600 1960 642 se
2003 583 2293 659 distincti,
2347 585 2442 643 vi-

315 685 533 743 deatur
569 697 757 757 supra
789 684 849 740 in
885 698 1009 740 suo
1032 682 1302 741 Articulo
1339 701 1405 741 n:
1451 686 1538 742 29
1573 683 1652 740 ad
1682 686 1794 742 40.

479 784 642 841 207.
687 782 864 859 Quod
897 801 1016 840 non
1054 785 1515 842 communicatio.
1537 785 1617 841 sit
1652 785 1829 842 unius
1859 782 2029 843 Coeli
2064 801 2199 843 cum
2234 783 2444 860 altero,

318 884 433 944 sed
465 882 765 958 InssuxuS,
818 889 1095 942 constare
1132 890 1335 960 potest
1372 902 1447 942 ex
1482 885 1602 942 situ
1649 883 1890 942 illorum
1927 887 2083 943 inter
2130 901 2228 960 se3
2287 884 2444 945 Coe-

318 985 451 1044 lum
501 984 772 1043 Tertium
807 1000 918 1042 seu
952 984 1233 1042 Intimum
1271 1002 1456 1060 supra
1493 991 1613 1056 est,
1671 984 1920 1044 Coelum
1955 983 2296 1044 Secundum
2340 1003 2453 1045 seu

324 1085 595 1146 Medium
632 1085 787 1143 infra
815 1091 935 1158 est,
977 1091 1038 1142 et
1073 1083 1322 1143 Coelum
1357 1085 1625 1144 Primum
1660 1102 1770 1144 seu
1804 1084 2089 1146 Ultimum
2129 1086 2325 1146 adhuc
2357 1088 2454 1144 in-

324 1186 514 1246 ferius
555 1191 680 1245 est:
733 1188 795 1243 in
830 1185 1008 1244 simili
1044 1192 1182 1243 sunt
1218 1203 1423 1245 omnes
1462 1185 1796 1245 Societates
1834 1187 2101 1261 cujusvis
2146 1185 2344 1260 Coeli,
2384 1192 2453 1244 ut

326 1304 481 1364 quae
533 1292 673 1344 sunt
721 1287 785 1344 in
835 1286 1010 1344 editis
1052 1286 1234 1356 locis,
1299 1304 1450 1362 quae
1494 1293 1792 1363 apparent
1849 1288 2005 1345 sicut
2052 1293 2313 1360 montes,
2380 1305 2450 1344 n:

333 1383 472 1449 188
493 1432 510 1459 ,
571 1389 636 1446 in
670 1387 1112 1446 summitatibus
1161 1387 1401 1445 illorum
1436 1387 1711 1446 habitant
1748 1389 1850 1464 qui
1886 1404 1962 1446 ex
1995 1387 2209 1446 Intimo
2247 1386 2451 1462 Coelo,

324 1489 481 1548 infra
513 1487 651 1546 illas
688 1504 841 1564 quae
882 1505 957 1546 ex
995 1486 1288 1561 Secundo,
1328 1488 1483 1545 infra
1518 1488 1629 1546 has
1664 1491 1880 1547 itermn
1911 1505 2064 1564 quae
2102 1505 2176 1547 ex
2209 1487 2450 1563 Ultimo,

331 1592 514 1650 etsie
549 1589 781 1664 ubivis,
833 1591 962 1646 sive
1015 1591 1093 1647 sit
1139 1591 1202 1647 in
1240 1587 1387 1647 locis
1428 1588 1603 1647 editis
1640 1591 1769 1648 sive
1803 1591 1865 1647 in
1911 1605 2030 1647 non
2076 1589 2280 1647 editis:
2338 1587 2456 1647 So-

334 1690 525 1750 cietas
562 1690 892 1766 superioris
940 1688 1107 1749 Coeli
1143 1707 1263 1748 non
1309 1688 1494 1748 habet
1530 1692 2126 1749 communicationem
2164 1707 2297 1748 cum
2336 1687 2453 1748 So-

336 1790 557 1850 cietate
591 1791 891 1849 inferioris
940 1807 1117 1866 quam
1165 1807 1276 1865 per
1312 1790 1911 1866 correspondentias,
1962 1791 2238 1849 videatur
2273 1806 2459 1865 supra

327 1908 396 1950 n:
444 1892 617 1966 100,
678 1896 738 1950 et
774 1890 1244 1949 Communicatio
1280 1906 1390 1966 per
1427 1890 1987 1966 correspondentias
2026 1896 2119 1949 est
2155 1906 2309 1965 quae
2342 1906 2455 1948 vo-

330 1997 502 2052 catur
539 1991 832 2050 InfluxuS.
885 1983 893 1987 ’
946 1983 951 1987 ’

487 2093 652 2152 208.
707 2091 1100 2169 Conjungitur
1136 2109 1320 2150 unum
1358 2089 1607 2151 Coelum
1644 2107 1780 2149 cum
1822 2090 2046 2163 altem,
2092 2105 2203 2150 seu
2249 2087 2459 2148 Socie—

327 2199 422 2252 tas
458 2195 636 2252 unius
667 2191 835 2252 Coeli
864 2210 999 2251 cum
1037 2190 1340 2251 Societate
1379 2192 1627 2251 alterius
1666 2212 1703 2252 a
1740 2190 1882 2252 Solo
1918 2193 2175 2251 Domino
2205 2208 2315 2267 per
2349 2189 2457 2250 In-

326 2294 556 2353 fluxum
602 2293 945 2352 immediate
985 2300 1043 2352 et
1080 2293 1370 2364 mediate,
1409 2294 1751 2354 immediate
1789 2312 1826 2352 a
1871 2292 1949 2352 Se
1984 2292 2160 2369 Ipso,
2226 2298 2286 2351 et
2321 2310 2452 2350 me-

331 2395 492 2456 diate
551 2411 666 2471 per
719 2392 935 2453 Coelos
992 2397 1336 2470 superiores
1384 2394 1587 2453 ordine
1642 2396 1703 2452 in
1749 2395 2061 2452 inferiores
2094 2389 2203 2473 (q).
2295 2391 2456 2468 Quia

333 2495 671 2573 conjunctio
710 2494 1015 2554 coelorum
1067 2512 1177 2571 per
1222 2494 1523 2553 Influxum
1567 2501 1660 2554 est
1705 2512 1742 2554 a
1791 2492 1935 2553 Solo
1986 2494 2275 2561 Domin0,
2319 2492 2457 2550 ideo

331 2602 736 2674 praecavetur
801 2614 982 2673 quam
1044 2596 1330 2665 maxime,
1392 2612 1467 2654 ne
1530 2595 1744 2671 aliquis
1800 2594 2071 2669 Angelus
2127 2595 2457 2669 superioris

335 2696 508 2758 Coeli
543 2693 839 2773 despiciat
873 2700 935 2755 in
975 2696 1341 2756 Societatem
1375 2696 1703 2770 inferioris,
1770 2701 1830 2754 et
1861 2695 2142 2770 loquatur
2179 2709 2314 2752 cum
2347 2692 2461 2750 ali—

339 2816 458 2875 quo
492 2798 606 2874 ibi;
662 2804 729 2856 ut
768 2799 1026 2874 primum
1063 2796 1179 2855 hoc
1216 2796 1311 2871 fit,
1377 2795 1729 2872 deprivatur
1766 2795 2037 2873 Angelus
2072 2794 2466 2870 intelligentia

343 2906 403 2959 et
453 2900 755 2975 sapientia
813 2916 960 2957 sua:
1033 2897 1265 2956 dicetur
1325 2899 1505 2957 etiam
1569 2914 1782 2973 causa3
1847 2895 2169 2973 unicuique
2232 2894 2466 2971 Angelo

338 3006 480 3058 sunt
529 3005 652 3058 tres
708 2999 928 3075 gradus
978 3002 1168 3073 vitae,
1238 3000 1395 3057 sicut
1444 3005 1584 3057 sunt
1633 3006 1755 3058 tres
1810 2998 2031 3075 gradus
2086 2996 2241 3057 coeli
2254 3016 2271 3072 3
2322 2996 2464 3065 iuis,

338 3100 450 3177 *qui
487 3102 549 3158 in
583 3100 788 3159 intimo
819 3100 986 3159 coelo
1024 3105 1191 3173 sunt,
1232 3105 1324 3158 est
1359 3101 1568 3158 tertius
1604 3116 1714 3158 seu
1746 3101 1987 3158 intimus
2024 3098 2244 3175 gradus
2282 3114 2462 3174 aper-

341 3206 476 3276 tu8‚
533 3217 603 3259 ac
631 3200 933 3260 secundus
968 3207 1026 3259 et
1053 3202 1280 3275 primus
1320 3199 1517 3258 clausi
1530 3221 1546 3276 3
1602 3200 1751 3273 illis,
1807 3202 1907 3275 qui
1943 3201 2004 3257 in
2042 3199 2238 3258 medio
2270 3197 2460 3268 coelo,

338 3306 435 3360 est
471 3301 771 3359 secundus
809 3301 1029 3377 gradus
1067 3307 1353 3376 apertuS,
1408 3318 1479 3358 ac
1514 3304 1743 3377 primus
1787 3307 1846 3360 et
1880 3302 2093 3359 tertius
2132 3298 2321 3358 clausi
2334 3319 2349 3373 3
2403 3305 2463 3356 et

330 3400 485 3476 illis,
553 3403 652 3477 qui
699 3404 758 3459 in
818 3401 1022 3460 ultimo
1074 3402 1241 3460 coelo
1287 3407 1454 3470 sunt,
1514 3409 1607 3460 est
1657 3404 1883 3477 primus
1934 3399 2155 3477 gradus
2194 3405 2460 3474 apertuS,

222 3547 229 3556 .
338 3518 412 3560 ac
453 3502 754 3560 secundus
797 3507 858 3560 et
895 3504 1107 3561 tertius
1142 3502 1362 3559 clausi:
1402 3507 1469 3558 ut
1509 3503 1765 3577 primum
1791 3502 1995 3576 itaque
2027 3497 2297 3573 Angelus
2334 3502 2459 3555 ter-

339 3604 407 3661 tii
443 3600 612 3662 Coeli
648 3602 902 3678 despicit
936 3604 996 3660 in
1034 3601 1399 3661 Societatem
1439 3601 1720 3675 secundi,
1776 3607 1835 3659 et
1875 3599 2141 3676 loquitur
2176 3614 2311 3657 cum
2346 3596 2460 3656 ali-

339 3719 457 3780 quo
499 3702 615 3771 ibi,
669 3702 964 3761 clauditur
1014 3704 1227 3761 tertius
1276 3702 1405 3778 ejus
1462 3700 1712 3777 gradus,
1793 3717 1912 3776 quo
1965 3699 2170 3758 clauso
2223 3699 2467 3757 orbatur

343 3818 459 3864 sua
496 3803 824 3880 sapientia,
881 3821 1018 3861 nam
1052 3805 1115 3862 in
1151 3803 1327 3861 tertio
1365 3801 1558 3878 gradu
1594 3800 1820 3860 residet
1859 3800 1989 3877 ejus
2027 3801 2354 3875 sapientia,
2408 3805 2470 3858 et

430 4053 441 4064 „
498 4023 589 4095 (q)
633 4020 808 4100 Quod
848 4020 1093 4074 influxus
1135 4018 1210 4072 sit
1251 4016 1613 4071 immediatus
1657 4035 1688 4070 a
1729 4018 1979 4072 Domino
2007 4054 2023 4083 ‚
2090 4028 2147 4071 et
2186 4017 2469 4071 mediata·

337 4115 447 4169 per
475 4099 715 4151 Coelum
742 4135 757 4162 ‚
794 4097 869 4149 ‘nx
915 4105 1081 4156 6063.
1128 4103 1295 4155 6307.
1336 4102 1504 4154 6472.
1546 4102 1713 4154 9682.
1758 4102 1923 4155 9683.
2006 4094 2180 4167 Quod
2223 4093 2467 4145 influxus

338 4174 569 4227 Domini
607 4173 970 4227 immediatus
1008 4173 1081 4225 sit
1116 4171 1173 4222 in
1207 4171 1464 4223 omnium
1494 4171 1965 4242 singularissima‚
2008 4187 2079 4224 nt
2124 4178 2290 4231 6058.
2317 4175 2466 4230 6474

338 4251 408 4305 ad
453 4258 623 4312 6478.
673 4258 844 4310 8717.
889 4256 1060 4308 8728.
1135 4247 1219 4300 De
1261 4246 1513 4301 mediato
1548 4247 1765 4299 influxu
1805 4246 2039 4300 Domini
2088 4264 2196 4317 per
2242 4245 2464 4309 coeloS‚

338 4345 408 4379 ¹12
452 4333 620 4387 4067.
654 4333 820 4387 6982-
867 4331 1036 4385 6985.
1074 4332 1244 4385 6996·
