3013 5114
917 362 1066 419 LUX
1105 363 1201 418 ET
1238 363 1476 419 CALOR
1514 364 1588 417 IN
1636 364 1891 424 COELO.
2392 378 2458 428 71

335 521 517 600 Quod
551 523 737 583 realis
772 524 878 584 lux
912 527 1020 601 sit,
1082 542 1154 585 ex
1191 543 1311 603 qua
1343 525 1695 585 Intellectus
1733 527 1880 585 talia
1916 525 2106 600 videt,
2167 527 2460 588 naturalis

332 625 513 683 homo
569 627 798 694 nescit,
870 628 1010 703 quia
1058 645 1176 685 non
1224 627 1391 687 videt
1447 627 1614 685 illam
1665 628 1883 703 oculiS‚
1965 644 2077 685 nec
2125 631 2463 705 appercipit

331 725 497 783 illam
536 727 898 801 cogitatione
914 746 928 802 3
985 727 1094 786 sed
1131 727 1301 786 multi
1357 745 1553 803 usque
1602 735 1846 802 norunt,
1914 734 1973 787 et
2021 745 2256 803 quoque
2297 728 2462 787 illam

334 825 713 902 distinguunt
758 845 794 884 a
831 827 969 886 luce
1019 828 1306 902 naturali,
1363 830 1424 885 in
1480 845 1601 909 qua
1662 834 1801 886 sunt
1851 831 1951 904 qui
2000 828 2350 888 naturaliter
2400 836 2460 888 et

333 943 451 984 non
512 927 908 1002 spiritualiter
964 931 1261 1005 cogitant:
1335 928 1687 987 naturaliter
1748 931 2040 1004 cogitant,
2122 930 2222 1004 qui
2279 929 2455 988 modo

337 1033 618 1102 spectant
653 1029 714 1086 in
748 1029 1066 1103 mundum,
1114 1034 1173 1088 et
1208 1036 1459 1088 naturae
1498 1031 1696 1087 omnia
1731 1028 1999 1086 tribuunt
2012 1049 2026 1104 3
2066 1029 2455 1105 spiritualiter

335 1133 540 1186 autem
579 1130 877 1204 cogitant,
943 1131 1043 1204 qui
1093 1137 1371 1206 spectant
1419 1129 1495 1188 ad
1548 1129 1813 1203 coelum,
1874 1147 1945 1187 ac
1993 1129 2213 1188 Divino
2259 1133 2458 1189 omnia

333 1228 624 1286 tribuunt.
713 1228 887 1304 Quod
927 1230 1062 1288 Lux
1096 1248 1244 1289 vera
1281 1233 1390 1302 sit,
1453 1247 1610 1306 quae
1647 1230 1907 1288 illustrat
1946 1235 2240 1303 mentem,
2277 1229 2456 1305 plane

335 1328 617 1386 distincta
679 1347 717 1388 a
767 1330 932 1405 luce,
1011 1347 1165 1406 quae
1219 1331 1422 1390 lumen
1481 1331 1756 1390 naturale
1807 1337 2087 1403 vocatur,
2153 1314 2456 1389 multoties

334 1428 478 1486 mihi
526 1431 881 1505 percipere,
952 1436 1012 1489 et
1049 1448 1287 1506 quoque
1325 1431 1529 1491 videre
1580 1431 1782 1490 datum
1822 1436 1943 1507 est3
2002 1431 2275 1490 elevatus
2323 1447 2456 1488 suin

334 1530 395 1586 in
442 1528 641 1587 lucem
679 1529 845 1588 illam
899 1533 1148 1590 interius
1201 1549 1312 1608 per
1358 1532 1579 1608 gradus
1595 1575 1612 1606 ,
1667 1537 1727 1590 et
1779 1533 1935 1590 sicut
1974 1532 2247 1590 elevatus
2300 1548 2449 1606 sum,

246 1693 252 1698 ,
328 1628 745 1688 illustrabatur
791 1630 1173 1705 Intellectus,
1240 1649 1440 1707 usque
1495 1631 1735 1690 tandem
1774 1639 1841 1690 ut
1882 1635 2259 1708 perciperem
2297 1650 2452 1708 quae

331 1746 449 1787 non
485 1732 655 1805 prius
691 1734 970 1808 percepi,
1035 1738 1096 1790 et
1130 1733 1369 1791 tandem
1412 1731 1559 1790 talia
1596 1749 1750 1807 quae
1786 1749 1861 1790 ne
1899 1734 2137 1808 quidem
2174 1750 2451 1809 compre-

329 1829 595 1889 hendere
624 1849 866 1907 possem
899 1834 1263 1908 cogitatione
1295 1849 1370 1890 ex
1395 1831 1617 1890 lumine
1646 1830 1924 1906 naturali,
1953 1832 2291 1908 indignatus
2318 1849 2453 1891 sum

337 1930 728 2008 quandoque,
785 1932 946 2007 quod
992 1950 1112 1991 non
1148 1932 1828 2009 comprehenderentur,
1885 1948 2018 1989 cum
2057 1938 2255 1990 tamen
2292 1931 2454 1992 clare

330 2037 393 2088 et
426 2034 751 2109 perspicue
788 2039 1080 2109 percepta
1115 2039 1255 2091 sunt
1290 2035 1350 2090 in
1392 2032 1531 2091 luce
1571 2032 1826 2092 coelesti
1874 2027 1984 2113 (ll).
2056 2031 2212 2107 Quia
2260 2030 2451 2092 Intel-

328 2130 517 2191 lectui
556 2140 650 2192 est
683 2133 816 2207 lux,
886 2133 1021 2192 ideo
1075 2134 1290 2193 dicitur
1327 2133 1399 2192 de
1436 2133 1538 2192 illo
1575 2133 1768 2192 simile
1806 2132 1967 2209 quod
2003 2133 2074 2193 de
2113 2131 2335 2204 Oculo,
2387 2139 2456 2192 ut

330 2233 492 2309 quod
529 2233 736 2293 videat
774 2240 833 2291 et
869 2237 929 2291 in
967 2233 1105 2292 luce
1146 2236 1252 2311 sit,
1307 2252 1441 2294 eum
1476 2235 1759 2312 percipit,
1828 2241 1887 2293 et
1925 2234 2084 2310 quod
2136 2237 2193 2293 ei
2227 2235 2450 2294 obscu-

327 2352 460 2392 rum
507 2340 567 2391 et
604 2334 819 2394 umbra
859 2337 967 2409 sit,
1024 2353 1157 2393 cum
1199 2353 1315 2394 non
1344 2337 1631 2412 percipit,
1684 2341 1744 2394 et
1779 2335 1996 2393 similia
2027 2335 2221 2412 plura.

490 2460 518 2513 1
541 2458 651 2514 31.
709 2454 1002 2530 Quoniam
1044 2454 1176 2514 Lux
1215 2455 1368 2514 coeli
1405 2462 1498 2514 est
1527 2456 1812 2513 Divinum
1846 2454 2092 2528 Verum,
2123 2453 2258 2513 ideo
2297 2472 2450 2529 quo-

327 2575 446 2632 que
484 2557 620 2616 Lux
656 2554 762 2614 illa
798 2563 890 2615 est
925 2556 1145 2616 Divina
1190 2552 1490 2632 sapientia
1527 2562 1587 2621 et
1623 2554 2017 2631 intelligentia
2030 2575 2047 2630 3
2099 2552 2256 2613 unde
2291 2553 2455 2614 idem

324 2658 681 2733 intelligitur
716 2675 827 2734 per
864 2656 1089 2716 elevari
1140 2659 1199 2713 in
1249 2656 1473 2715 Lucem
1525 2655 1708 2727 coeli,
1774 2654 1932 2730 quod
1978 2672 2089 2730 per
2135 2654 2357 2712 elevari
2393 2656 2452 2714 in

325 2758 781 2834 intelligentiam
840 2766 899 2816 et
955 2759 1311 2834 sapientiam
1362 2774 1433 2814 ac
1490 2756 1777 2814 illustrari
1792 2776 1808 2831 3
1892 2763 2258 2832 quapropter
2314 2756 2452 2815 Lux

330 2858 493 2935 apud
514 2858 779 2934 Angelos
804 2864 897 2917 est
922 2875 1171 2935 prorsus
1196 2859 1257 2915 in
1289 2857 1499 2917 eodem
1535 2856 1725 2933 gradu
1751 2856 2076 2915 secundum
2105 2856 2447 2933 intelligen-

326 2961 472 3017 tiam
510 2966 571 3017 et
610 2961 968 3036 sapientiam
1020 2977 1251 3019 eorum.
1335 2958 1494 3034 Quia
1543 2957 1678 3016 Lux
1729 2957 1883 3017 coeli
1929 2964 2023 3016 est
2068 2958 2293 3016 Divina
2342 2975 2447 3016 sa-

324 3062 582 3135 pientia,
646 3060 782 3118 ideo
822 3077 1026 3118 omnes
1071 3066 1519 3134 cognoscuntur
1555 3058 1767 3134 quales
1818 3065 1957 3116 sunt
2002 3060 2062 3116 in
2100 3057 2238 3117 luce
2276 3059 2448 3129 coeli,

322 3161 609 3218 interiora
643 3161 912 3237 cujusvis
951 3167 1162 3237 patent
1196 3160 1278 3218 ibi
1305 3161 1366 3218 in
1395 3161 1570 3230 facie,
1605 3175 1853 3235 prorsus
1893 3159 2095 3235 qualia
2129 3165 2287 3231 sunt,
2336 3176 2448 3218 nec

326 3263 633 3319 minimum
669 3262 851 3320 latet:
907 3261 1129 3336 Angeli
1164 3262 1475 3319 interiores
1514 3262 1694 3318 etiam
1729 3267 1930 3318 amant
1964 3265 2031 3317 ut
2067 3261 2264 3316 omnia
2289 3258 2452 3333 apud

322 3360 460 3419 illos
501 3367 781 3436 pateant,
843 3363 1122 3437 quoniam
1162 3378 1277 3418 non
1323 3363 1438 3419 nisi
1484 3378 1662 3436 quam
1717 3360 1938 3418 bonum
1986 3358 2221 3431 volunt3
2276 3358 2449 3416 aliter

328 3464 431 3537 qui
456 3462 610 3519 infra
647 3461 903 3536 coelum,
946 3470 1005 3521 et
1040 3479 1158 3519 non
1191 3461 1413 3519 bonum
1439 3460 1684 3534 volunt,
1738 3460 1828 3518 illi
1853 3460 1988 3518 ideo
2026 3457 2202 3518 valde
2238 3459 2451 3517 timent

321 3710 446 3761 Lux
488 3710 638 3763 coeli
680 3726 711 3762 a
755 3709 1007 3762 Domino
1054 3727 1290 3780 semper
1342 3708 1493 3779 apud
1548 3707 1840 3760 hominem
1893 3706 2072 3770 adsit,
2136 3706 2235 3759 sed
2288 3708 2448 3780 quod
2523 3753 2524 3756 ,

324 3795 543 3837 tantum
586 3785 817 3863 influat,
863 3797 1139 3857 quantum
1180 3787 1352 3837 homo
1403 3787 1461 3836 in
1504 3801 1649 3837 vcro
1694 3802 1761 3835 ex
1803 3783 1961 3835 bono
2004 3793 2121 3846 est,
2163 3802 2231 3835 ne
2276 3792 2472 3845 4060.-

325 3868 495 3921 4213.

476 3961 572 4026 (ll)
616 3960 788 4037 Quod
829 3961 1002 4014 horno
1046 3980 1175 4014 cum
1217 3961 1486 4013 elevatur
1520 3978 1552 4013 a
1594 3960 1864 4024 sensuali,
1918 3959 1976 4010 in
2017 3959 2211 4014 lumen
2253 3960 2448 4014 mitius

323 4035 551 4101 veniat,
617 4047 674 4089 et
716 4036 945 4090 tandem
989 4037 1045 4089 in
1089 4037 1278 4090 lucem
1321 4037 1668 4101 coelestem,
1724 4054 1791 4088 n:
1850 4043 2018 4096 6313.
2062 4044 2229 4097 6315.
2278 4045 2448 4098 9407.

326 4112 499 4200 Quod
539 4113 780 4166 actualis
823 4114 1074 4166 elevatio
1119 4112 1177 4164 in
1218 4114 1403 4166 lucem
1450 4113 1602 4167 coeli
1647 4112 1749 4177 sit,
1792 4129 1921 4167 cum
1962 4113 2137 4166 homo
2185 4113 2243 4165 in
2285 4113 2450 4166 intel·

323 4188 654 4258 Ingenuam,
699 4207 766 4241 n:
813 4197 980 4252 3190.
1060 4191 1180 4241 Lux
1224 4200 1437 4261 quanta
1477 4199 1786 4261 percepta,
1831 4205 1962 4242 cum
1999 4188 2281 4243 abductus
2323 4205 2448 4241 sum

324 4264 397 4316 ab
441 4263 587 4318 ideis
628 4262 964 4329 mundanis,
1011 4283 1076 4317 n:
1123 4272 1291 4326 1526.
1337 4272 1505 4326 6608.
