3013 5114
331 428 537 484 HOMO
579 426 763 481 PosT
804 427 1108 483 Mon'rum
1163 429 1295 481 EST
1339 429 1597 496 QUAms
1654 430 1826 486 Esus
1868 431 2039 486 v1TA
2084 407 2262 490 FUIT.
2345 444 2454 495 ‘287

485 591 650 647 476.
726 587 819 645 Ex
852 586 948 645 his
986 604 1142 647 nunc
1179 596 1455 647 constare
1491 594 1724 665 potest,
1779 589 1919 665 quid
1961 591 2314 667 intelligitur
2345 611 2457 670 per

327 694 543 764 vitam,
604 706 759 766 quae
799 688 1096 748 hominem
1132 696 1335 746 manet
1383 696 1522 764 post
1566 697 1850 764 mortem,
1908 691 2066 765 quod
2105 710 2323 769 nempe
2377 695 2457 753 sit

331 793 463 870 ejus
502 807 670 849 amor
716 798 774 849 et
823 789 960 848 inde
997 790 1175 865 fides,
1232 807 1347 846 non
1386 790 1561 850 modo
1611 793 1673 848 in
1719 794 1987 866 potentia
2026 793 2136 851 sed
2173 798 2352 853 etiam
2389 796 2452 853 in

329 898 500 961 actu,
552 895 638 950 ita
674 891 831 966 quod
859 893 977 948 sint
1013 891 1172 948 facta
1197 907 1306 949 seu
1336 909 1554 966 opera,
1598 893 1736 967 quia
1769 890 1921 952 haec
1958 893 2016 950 in
2043 909 2110 954 se
2150 898 2454 956 continent

331 995 531 1052 omnia
578 995 794 1050 amoris
839 999 897 1050 et
944 991 1080 1049 fidei
1115 991 1387 1049 hominis.

488 1096 652 1152 477.
707 1093 816 1151 Est
851 1110 1018 1151 amor
1054 1109 1312 1168 regnans
1343 1095 1453 1168 qui
1505 1100 1708 1152 manet
1763 1094 2065 1153 hominem
2112 1102 2250 1171 post
2292 1113 2451 1155 mor-

329 1201 483 1270 tem,
537 1212 650 1253 nec
700 1210 954 1269 usquam
1004 1195 1063 1251 in
1113 1201 1424 1252 aeternum
1466 1201 1759 1268 mutatur,
1825 1201 1964 1254 sunt
2013 1197 2205 1257 cuivis
2240 1197 2449 1273 plures

326 1312 592 1369 amoreS,
647 1294 757 1354 sed
803 1312 994 1371 usque
1038 1312 1243 1353 omnes
1293 1311 1359 1353 se
1411 1297 1680 1354 referunt
1727 1297 1804 1354 ad
1860 1313 2123 1355 amorem
2174 1298 2305 1374 ejus
2352 1315 2452 1357 re-

324 1405 635 1474 gnantem,
661 1378 666 1384 ’
692 1413 763 1456 ac
798 1414 980 1454 unum
1022 1396 1247 1455 faciunt
1283 1412 1418 1455 cum
1452 1396 1585 1472 illo,
1641 1413 1751 1456 seu
1787 1397 1957 1456 illum
1992 1380 2170 1456 simul
2204 1415 2449 1475 compo-

322 1504 498 1574 nunt3
556 1499 754 1556 omnia
789 1497 1112 1557 voluntatis
1152 1515 1306 1574 quae
1346 1498 1711 1556 concordant
1747 1515 1882 1558 cum
1920 1515 2122 1557 amore
2160 1507 2448 1574 regnante

322 1607 612 1658 vocantur
653 1614 888 1657 amores
902 1643 918 1672 ‚
960 1600 1101 1674 quia
1138 1606 1443 1674 amantur3
1481 1599 1544 1656 hi
1583 1615 1816 1658 amores
1853 1606 1993 1658 sunt
2028 1600 2342 1658 interiores
2389 1608 2450 1660 et

326 1703 687 1775 exteriores»,
728 1706 867 1758 sunt
907 1702 1009 1776 qui
1036 1699 1373 1758 immediate
1414 1700 1718 1776 conjuncti
1755 1706 1814 1757 et
1849 1702 1951 1777 qui
1987 1699 2264 1775 mediate,
2308 1710 2450 1761 sunt

323 1803 642 1879 propiores
681 1810 740 1860 et
774 1802 1158 1874 remotiores,
1199 1806 1338 1859 sunt
1377 1802 1775 1859 inservientes
1813 1803 1978 1860 vario
2014 1800 2189 1860 modo
2202 1820 2218 1876 ;
2272 1802 2450 1860 simul

321 1904 505 1962 sumti
544 1904 913 1961 constituunt
956 1903 1131 1977 quasi
1166 1918 1443 1977 regnum,
1496 1903 1583 1959 ita
1620 1903 1775 1958 enim
1816 1900 2069 1958 ordinati
2105 1909 2243 1959 sunt
2284 1903 2449 1979 apud

320 2003 653 2072 hominem,
706 2005 949 2061 tametsi
987 2002 1163 2060 homo
1215 2003 1288 2060 de
1339 2002 1712 2060 ordinatione
1748 2002 1983 2060 illorum
2019 2018 2266 2077 prorsus
2304 2002 2449 2060 nihil

321 2106 451 2178 scit,
491 2102 599 2163 sed
636 2098 859 2180 aliquid
898 2094 1315 2161 manifestatur
1346 2105 1402 2162 ei
1431 2104 1490 2161 in
1530 2102 1719 2160 altera
1748 2105 1895 2175 vita,
1946 2119 2080 2159 nam
2119 2103 2447 2161 secundum

322 2205 753 2264 ordinationem
796 2221 1000 2263 eorum
1051 2213 1144 2263 est
1182 2206 1237 2263 ei
1273 2206 1543 2263 extensio
1589 2205 1963 2279 cogitationis
2009 2209 2069 2261 et
2115 2202 2445 2263 affectionis

319 2307 437 2382 ibi,
496 2306 767 2365 extensio
801 2308 862 2364 in
898 2308 1218 2365 societates
1257 2306 1555 2365 coelestes
1593 2307 1644 2364 si
1680 2321 1937 2382 regnans
1977 2321 2141 2363 amor
2177 2307 2449 2364 consistit

320 2424 396 2467 ex
438 2407 741 2466 amoribus
773 2404 960 2480 Coeli,
1004 2414 1064 2464 at
1099 2409 1158 2464 in
1195 2409 1514 2466 societates
1541 2405 1870 2464 infernales
1900 2407 1953 2463 si
1989 2421 2246 2480 regnans
2276 2423 2445 2465 amor

213 2571 224 2586 ,
320 2510 594 2570 consistit
630 2526 702 2568 ex
740 2507 1040 2568 amoribus
1076 2508 1307 2567 inferni.
1397 2506 1573 2582 Quod
1623 2507 1811 2564 omnis
1861 2505 2142 2581 cogitatio
2197 2511 2256 2564 et
2293 2504 2442 2566 affe·

322 2612 440 2670 ctio
477 2612 792 2687 spirituum
826 2617 886 2669 et
923 2608 1270 2686 angelorum
1315 2609 1726 2667 extensionem
1778 2603 2042 2664 habeant
2079 2606 2140 2662 in
2177 2608 2440 2665 societa-

315 2718 410 2771 tes
435 2756 451 2784 ,
489 2712 763 2772 videatur
797 2728 983 2787 supra
1017 2712 1078 2768 in
1120 2709 1392 2768 Articulo
1436 2708 1511 2766 de
1552 2706 1863 2784 Sapientia
1890 2704 2258 2782 Angelorum
2285 2705 2445 2766 Coe-

314 2813 390 2889 li,
450 2820 509 2872 et
542 2814 603 2871 in
639 2812 909 2871 Articulo
949 2811 1021 2870 de
1062 2811 1280 2869 Forma
1329 2808 1499 2869 Coeli
1540 2806 1865 2867 secundum
1913 2824 2090 2884 quam
2132 2807 2442 2868 consocia-

315 2916 512 2974 tiones
551 2920 611 2972 et
646 2914 1213 2972 communicationes
1249 2910 1350 2969 ibi.

473 3016 639 3074 478.
698 3012 820 3073 Sed
866 3013 1049 3083 haec,
1114 3029 1268 3089 quae
1316 3011 1610 3070 hactenus
1657 3009 1818 3069 dicta
1861 3017 2030 3084 sunt,
2089 3008 2264 3069 modo
2302 3010 2437 3069 affi-

315 3119 480 3177 ciunt
538 3116 957 3190 cogitationem
1013 3113 1266 3172 hominis
1314 3113 1655 3183 rationalis,
1726 3119 1793 3170 ut
1854 3129 2093 3188 quoque
2151 3114 2441 3170 sistantur

314 3218 394 3277 ad
430 3218 961 3294 apperceptionem
992 3232 1191 3274 coram
1228 3214 1525 3285 sensibu3‚
1567 3214 1744 3273 velim
1777 3212 2076 3271 adducere
2115 3215 2438 3289 experien-

313 3321 461 3392 tias,
527 3322 640 3393 per
690 3334 838 3393 quas
889 3317 1099 3375 eadem
1150 3316 1527 3374 illustrentur
1580 3321 1640 3374 et
1694 3314 2147 3386 confirmentur,
2214 3314 2437 3383 Panno,

316 3418 478 3495 quod
526 3418 702 3476 homo
753 3424 892 3493 post
961 3425 1209 3477 mortem
1269 3419 1347 3476 sit
1400 3433 1549 3475 suus
1605 3431 1773 3473 amor
1823 3429 1932 3471 seu
1986 3430 2097 3470 sua
2147 3412 2444 3471 voluntas.

317 3516 639 3585 Sucmmo,
693 3517 850 3592 quod
896 3518 1072 3578 homo
1122 3524 1363 3576 maneat
1408 3518 1468 3574 in
1521 3523 1832 3574 aeternum
1873 3512 2068 3588 qualis
2109 3519 2201 3571 est
2243 3510 2442 3588 quoad

315 3633 489 3676 suam
547 3614 914 3674 voluntatem
970 3624 1070 3675 aut
1137 3634 1400 3676 amorem
1457 3620 1828 3690 regnantem.
1931 3612 2202 3688 Tnnrlo,
2282 3612 2440 3689 quod

312 3885 482 3941 6451.
528 3882 697 3936 8603.
747 3880 948 3933 10099.
1032 3871 1196 3938 Quod
1253 3871 1384 3924 inde
1442 3821 1637 3923 omnia
1699 3871 1978 3924 interiora
2033 3871 2443 3925 contineantur

223 3951 230 3956 ’
313 3956 372 4008 in
416 3971 595 4014 nexu,
660 3960 716 4004 et
771 3950 1113 4012 subsistant,
1179 3967 1245 4001 n:
1304 3956 1472 4009 9828.
1559 3946 1722 4012 Quod
1770 3949 1916 4001 iacta
1961 3964 2061 4001 seu
2104 3965 2283 4021 opera
2326 3949 2443 4001 sint

315 4031 547 4091 ultima,
593 4029 650 4080 in
695 4026 907 4099 quibus
951 4026 1233 4080 interiora
1275 4036 1436 4089 sunt,
1481 4042 1549 4076 n:
1598 4033 1802 4086 10331.
1867 4029 2059 4102 Quare
2103 4025 2347 4079 retribui
2384 4033 2447 4077 ct·

312 4106 560 4175 judicari
604 4103 916 4156 secundum
971 4103 1119 4157 facta
1164 4114 1219 4155 ct
1262 4120 1472 4175 opera,
1539 4113 1624 4155 cst
1679 4102 1986 4156 secundum
2044 4102 2235 4154 omnia
2293 4115 2441 4172 quae

314 4192 446 4235 sunt
497 4181 710 4234 amoris
751 4189 819 4240 ,et
874 4178 1036 4243 fidei,
1102 4196 1201 4231 seu
1256 4179 1575 4233 voluntatis
1631 4189 1686 4231 ct
1740 4178 2111 4250 cogitationis
2167 4175 2436 4236 hominis,

313 4258 447 4330 quia
505 4260 639 4309 haec
676 4250 829 4308 ‘sunt
882 4255 1162 4311 interiora
1222 4274 1368 4328 quae
1425 4266 1559 4309 sunt
1611 4256 1673 4306 in
1725 4256 1873 4319 illis,
1938 4271 2003 4304 n:
2051 4260 2219 4312 3147.
2266 4256 2438 4311 3934.

314 4340 480 4395 6073·
526 4341 696 4394 8911.
743 4339 948 4393 10331.
1003 4339 1202 4393 10:332.
