3013 5114
607 456 718 509 ‘244
1222 443 1314 497 DE
1358 442 1597 497 COELO
1641 441 1735 496 ET
1776 440 2113 499 INFERNO.

605 608 807 685 porcis
848 611 909 664 et
945 604 1257 663 mundanis
1293 606 1741 682 perceptionem
1787 606 2058 681 capiunt3
2117 620 2300 680 quare
2339 603 2498 680 quod
2544 606 2720 682 igno-

602 712 767 782 rant,
821 706 969 765 nihil
1006 722 1141 765 esse
1177 711 1416 782 putant,
1475 722 1611 765 cum
1638 712 1837 765 tamen
1873 705 2091 783 gaudia
2128 721 2420 780 corporea
2457 711 2516 763 et
2543 724 2720 765 mun-

603 807 758 867 dana
793 814 932 867 sunt
971 806 1137 865 nihili
1183 809 1559 883 respective3
1614 806 1749 866 ideo
1792 807 2000 883 probi,
2055 807 2157 885 qui
2190 822 2309 863 non
2345 807 2540 864 sciunt
2576 806 2723 884 quid

599 908 884 985 gaudium
924 908 1217 982 coeleste,
1270 914 1338 967 ut
1371 910 1565 967 sciant
1607 914 1666 967 et
1700 914 2093 984 cognoscant,
2149 906 2422 966 feruntur
2457 910 2720 985 primum

599 1010 676 1068 ad
711 1009 1129 1078 Paradisiaca,
1182 1025 1335 1084 quae
1386 1011 2099 1085 omnemimaginationis
2143 1007 2339 1066 ideam
2388 1009 2719 1078 excedunt;

600 1119 740 1170 tunc
782 1111 1055 1169 arbitrati
1091 1112 1330 1168 venisse
1371 1111 1429 1167 in
1467 1109 1825 1168 Paradisum
1865 1110 2224 1181 coelestem,
2282 1107 2391 1167 sed
2428 1109 2723 1169 docentur

601 1212 762 1288 quod
797 1212 857 1271 id
885 1229 1003 1271 non
1030 1213 1106 1270 sit
1142 1210 1397 1269 felicitas
1436 1228 1577 1269 vere
1612 1210 1893 1270 coelestis
1912 1231 1928 1286 3
1971 1227 2155 1288 quare
2194 1208 2367 1266 datur
2392 1212 2464 1268 iis
2492 1212 2719 1289 cogno-

599 1330 770 1373 scere
808 1318 1001 1371 status
1028 1313 1339 1370 interiores
1371 1312 1576 1388 gaudii
1614 1311 1693 1369 ad
1726 1313 1995 1372 intimum
2026 1328 2230 1371 eorum
2260 1311 2719 1389 perceptibiles3

600 1414 735 1473 dein
756 1392 1106 1472 auferuntur
1128 1414 1186 1469 in
1213 1419 1432 1471 statum
1460 1414 1631 1488 pacis
1651 1429 1844 1489 usque
1875 1412 1949 1470 ad
1978 1415 2244 1471 intimum
2276 1428 2498 1483 eorum,
2521 1413 2719 1472 faten-

597 1523 689 1574 tes
717 1521 857 1572 tunc
888 1512 1045 1589 quod
1071 1512 1215 1570 nihil
1244 1513 1374 1590 ejus
1402 1531 1659 1589 usquam
1691 1513 2089 1590 expressibile
2117 1515 2212 1585 sit,
2243 1529 2353 1571 nec
2375 1513 2717 1591 cogitabile:

598 1616 854 1691 denique
894 1616 953 1671 in
999 1619 1220 1672 statum
1248 1616 1656 1689 innocentiae,
1700 1616 1876 1673 etiarn
1908 1632 2105 1691 usque
2134 1614 2209 1672 ad
2242 1629 2486 1673 sensum
2514 1632 2722 1675 eorum

593 1718 892 1776 intimum:
948 1713 1084 1774 inde
1119 1731 1299 1775 nosse
1337 1716 1409 1774 iis
1449 1715 1651 1791 datur,
1693 1714 1832 1791 quid
1869 1733 2012 1775 vere
2050 1715 2272 1774 bonum
2309 1715 2620 1792 spirituale
2659 1720 2721 1777 et

593 1818 877 1878 coeleste.

754 1920 916 1978 413.
976 1916 1098 1978 Sed
1124 1925 1189 1977 ut
1224 1918 1378 1977 scire
1406 1935 1671 1996 possem,
1713 1919 1856 1995 quid
1886 1924 1945 1978 ct
1981 1917 2155 1994 quale
2186 1915 2433 1978 Goelum
2471 1922 2531 1976 et
2559 1914 2721 1977 Coe·-

593 2022 745 2080 leste
799 2019 1111 2097 gaudium,
1169 2036 1354 2095 saepe
1406 2026 1466 2079 et
1513 2019 1615 2078 diu
1652 2038 1690 2078 a
1719 2020 1974 2079 Domino
2014 2018 2214 2077 datum
2263 2027 2355 2078 est
2402 2019 2718 2095 percipere

581 2120 994 2199 jucunditates
1051 2120 1402 2194 gaudiorum
1460 2119 1841 2196 coelestium,
1913 2137 2124 2197 quare,
2194 2123 2335 2195 quia
2393 2119 2468 2177 ab
2527 2137 2717 2197 expe-

592 2223 808 2279 rientia
860 2222 1027 2288 viva,
1081 2236 1327 2294 possum
1374 2221 1559 2293 scire,
1617 2220 1724 2279 sed
1762 2238 2056 2298 nusquam
2095 2220 2466 2281 describere:
2522 2225 2617 2279 ast
2651 2228 2721 2280 ut

592 2321 786 2380 solum
819 2320 957 2379 idea
994 2336 1199 2378 corum
1234 2318 1557 2394 habeatur,
1615 2320 1837 2397 aliquid
1875 2322 2134 2381 dicetur:
2191 2329 2284 2382 est
2319 2321 2571 2382 Affectio
2604 2322 2714 2401 ju-

593 2421 961 2481 cunditatum
1033 2428 1091 2478 et
1147 2420 1497 2497 gaudiorum
1553 2422 2109 2492 innumerabilium,
2191 2441 2347 2500 quae
2403 2440 2717 2482 commune

596 2522 895 2602 quoddam
931 2522 1107 2583 simul
1148 2524 1399 2598 sistunt,
1466 2525 1528 2581 in
1576 2541 1691 2600 quo
1741 2524 2064 2599 communi,
2121 2541 2232 2586 seu
2279 2527 2339 2584 in
2386 2542 2506 2602 qua
2547 2541 2713 2585 com-

595 2627 759 2684 muni
806 2624 1149 2700 affectione,
1207 2632 1344 2683 sunt
1379 2624 1894 2685 innumerabilium
1933 2625 2309 2686 affectionum
2344 2626 2712 2704 harmoniae,

594 2743 748 2808 quae
788 2726 1062 2785 distincte
1101 2743 1218 2784 non
1255 2730 1613 2802 perveniunt
1647 2726 1724 2785 ad
1759 2731 2236 2805 perceptionem,
2292 2728 2400 2787 sed
2437 2728 2712 2803 obscure,

593 2830 732 2903 quia
767 2821 1266 2885 ¹communissima
1312 2830 1625 2903 perceptio
1642 2848 1657 2901 3
1740 2845 1930 2905 usque
1981 2831 2295 2906 percipere
2343 2829 2545 2888 datum
2600 2832 2713 2903 est,

592 2926 751 3003 quod
795 2926 1250 2985 innumerabilia
1301 2930 1596 2999 inessent,
1651 2931 1736 2987 ita
1784 2929 2091 3000 ordinata,
2144 2937 2210 2988 ut
2259 2929 2517 2989 describi
2563 2945 2712 2988 nus·

592 3044 769 3103 quam
824 3027 1086 3102 possint3
1145 3028 1598 3087 innumerabilia
1649 3029 1780 3104 illa,
1857 3031 2088 3107 qualia,
2158 3048 2229 3090 ex
2291 3030 2459 3091 Coeli
2506 3030 2714 3091 ordine

588 3129 809 3186 fluunt:
865 3125 1003 3184 talis
1042 3126 1186 3185 ordo
1227 3133 1319 3187 est
1353 3129 1414 3185 in
1452 3129 1781 3189 affectionis
1822 3132 2073 3209 singulis
2121 3140 2182 3192 et
2216 3135 2503 3203 minimis,
2557 3148 2713 3207 quae

592 3227 767 3287 modo
793 3233 871 3314 'ut
906 3228 1450 3288 communissimum
1502 3248 1685 3290 unum
1735 3234 2027 3291 sistuntur
2063 3240 2123 3293 et
2157 3236 2570 3311 percipiuntur
2607 3248 2712 3292 se-

599 3329 853 3390 cundum
914 3330 1308 3404 capacitatem
1361 3330 1492 3406 ejus
1540 3333 1640 3406 qui
1693 3331 2057 3409 subjectum:
2113 3335 2324 3410 verbo,
2379 3317 2606 3393 infinita
2651 3335 2714 3391 in

598 3432 1036 3492 ordinatissima
1070 3430 1261 3490 forma
1298 3433 1497 3490 insunt
1534 3434 1721 3491 cuivis
1759 3437 2071 3510 communi,
2118 3441 2177 3496 et
2211 3435 2358 3494 nihil
2391 3452 2510 3495 non
2544 3435 2707 3509 vivit,

600 3542 660 3593 et
698 3532 908 3609 afficit,
967 3538 1025 3590 et
1061 3533 1298 3609 quidem
1338 3535 1538 3592 onmia
1579 3533 1653 3592 ab
1688 3535 1938 3609 intimis,
1996 3553 2134 3596 nam
2167 3536 2389 3613 gaudia
2424 3536 2712 3596 coelestia

595 3634 671 3691 ab
712 3636 929 3694 intimis
963 3634 1314 3711 procedunt.
1400 3635 1764 3712 perceptum
1805 3653 2044 3713 quoque
2064 3682 2082 3713 ,
2136 3638 2297 3714 quod
2330 3638 2613 3715 gaudium
2649 3644 2712 3696 et

591 3733 858 3792 delitium
898 3735 1054 3793 sicut
1102 3751 1139 3792 a
1188 3737 1364 3796 corde
1415 3740 1674 3812 veniret,
1732 3755 1797 3797 se
1837 3737 2168 3797 diffundens
2213 3739 2562 3798 mollissime
2597 3754 2710 3815 per

591 3850 796 3892 omnes
831 3834 1013 3893 fibras
1049 3836 1319 3910 intimas,
1378 3845 1437 3895 et
1473 3839 1611 3898 inde
1647 3843 1705 3898 in
1733 3838 1914 3898 fibras
1953 3846 2376 3916 congregatas,
2429 3858 2564 3898 cum
2602 3837 2712 3897 tali

582 3933 979 4010 jucunditatis
1024 3934 1230 3996 intimo
1279 3954 1491 4010 sensu,
1552 3945 1619 3997 ut
1671 3939 1821 3998 fibra
1870 3943 1947 3999 sit
1994 3943 2167 4023 quasi
2204 3940 2349 3999 nihil
2384 3943 2500 4000 nisi
2550 3957 2704 4017 gau·

591 4033 752 4092 dium
796 4040 856 4091 et
899 4032 1197 4109 delitium,
1267 4043 1327 4094 et
1375 4054 1548 4095 omne
1596 4043 2011 4117 perceptivum
2061 4048 2120 4101 et
2164 4043 2516 4100 sensitivum
2569 4040 2707 4101 inde

591 4133 894 4207 similiter,
950 4134 1160 4192 vivens
1199 4153 1273 4194 ex
1309 4135 1627 4216 felicitate3
1682 4141 2057 4217 voluptatum
2095 4145 2363 4219 corporis
2399 4144 2704 4220 gaudium,

592 4233 670 4293 ad
702 4232 807 4293 illa
841 4233 1088 4312 gaudia,
1150 4242 1241 4294 cst
1286 4239 1442 4294 sicut
1486 4254 1729 4299 crassus
1783 4247 1841 4299 et
1887 4260 2161 4319 pungens
2206 4260 2451 4320 grumus
2491 4259 2708 4321 respe-

577 4337 744 4424 ctive
788 4335 865 4396 ad
890 4354 1105 4415 puram
1131 4344 1189 4399 et
1225 4338 1590 4399 lenissimam
1628 4358 1852 4401 auram.
1925 4342 2328 4406 Observatum
2366 4351 2489 4420 est,
2548 4342 2709 4423 quod
