3013 5114
597 426 707 477 286
1213 413 1308 466 DE
1353 411 1588 468 COELO
1630 410 1725 465 ET
1763 407 2098 464 INFERNO.

600 592 833 648 amore,
891 573 1050 649 quod
1078 590 1294 649 nempe
1332 575 1410 632 sit
1445 572 1610 630 nulla
1644 571 1824 645 fideS,
1882 568 1991 628 sed
2028 568 2204 627 modo
2254 569 2523 642 scientia,
2564 588 2726 646 quae

598 676 822 735 nullam
866 673 1236 750 spiritualem
1279 676 1460 732 vitam
1499 676 1562 732 in
1610 689 1677 732 se
1720 672 1902 731 habet
1915 690 1932 747 3
1998 669 2270 728 similiter
2306 669 2449 745 quid
2499 670 2730 730 sactum

600 784 702 835 aut
741 792 894 852 opus
926 775 1153 850 absque
1191 793 1421 848 amore,
1469 774 1628 850 quod
1663 790 1879 850 nempe
1917 789 2034 830 non
2061 774 2139 829 sit
2166 771 2388 829 sactum
2416 787 2529 830 seu
2563 787 2725 848 opus

600 881 792 951 vitae,
860 877 972 935 sed
1020 877 1179 952 quod
1227 880 1308 935 sit
1345 864 1734 936 factum'seu
1783 890 1937 951 opus
1986 875 2217 943 mortiS‚
2276 873 2374 930 cui
2417 888 2723 949 apparens

600 981 762 1037 vitae
806 980 962 1036 inest
1004 996 1075 1035 ex
1106 995 1307 1037 amore
1338 978 1477 1036 mali
1515 982 1574 1036 et
1604 994 1677 1034 ex
1714 975 1830 1034 fide
1859 974 2029 1050 falsi3
2069 973 2184 1033 hoc
2222 990 2521 1050 apparens
2555 975 2723 1033 vitae

599 1087 720 1154 est,
779 1079 938 1155 quod
973 1086 1225 1137 vocatur
1265 1095 1422 1136 mors
1465 1076 1814 1155 spiritualis,

753 1207 915 1264 475.
987 1204 1251 1263 Ulterius
1303 1203 1613 1263 sciendum
1656 1209 1772 1276 est,
1833 1201 1992 1278 quod
2031 1205 2092 1260 in
2132 1202 2306 1261 factis
2343 1218 2454 1260 seu
2508 1204 2717 1278 operi-

596 1308 711 1365 bus
760 1308 1004 1364 sistatur
1059 1314 1218 1364 totus
1263 1306 1469 1374 homo,
1525 1312 1586 1362 et
1628 1304 1787 1380 quod
1824 1302 2101 1363 voluntas
2149 1308 2210 1361 et
2247 1304 2528 1377 cogitatio
2566 1303 2721 1380 ejus,

597 1424 708 1466 seu
758 1425 923 1464 amor
972 1412 1031 1464 et
1079 1405 1227 1464 fides
1289 1408 1450 1482 ejus,
1523 1422 1677 1480 quae
1733 1414 1875 1464 sunt
1918 1405 2205 1462 interiora
2255 1403 2541 1474 hominis,-
2601 1421 2725 1462 non

596 1507 894 1583 completa
931 1508 1081 1576 sint,
1139 1509 1488 1582 priusquam
1524 1508 1582 1564 in
1632 1507 1806 1565 factis
1848 1522 1955 1565 seu
1994 1505 2280 1581 operibus
2332 1511 2502 1578 sunt,
2561 1523 2725 1581 quae

596 1616 738 1667 sunt
769 1609 1067 1666 exteriora
1100 1607 1354 1666 hominis
1368 1628 1384 1681 3
1440 1615 1585 1666 sunt
1625 1610 1779 1667 enim
1815 1608 1967 1666 haec
2011 1606 2220 1664 ultima
2256 1608 2316 1665 in
2355 1605 2575 1682 quibus
2614 1605 2727 1665 illa

592 1710 1016 1782 terminantur,
1064 1716 1125 1767 et
1152 1708 1382 1785 absque
1419 1709 1931 1768 terminationibus
1960 1716 2099 1765 sunt
2133 1710 2287 1766 sicut
2313 1709 2721 1781 interminata,

596 1827 753 1886 quae
798 1809 1060 1867 nondum
1115 1813 1411 1880 existunt,
1478 1812 1561 1867 ita
1623 1791 1777 1886 quae
1831 1808 2091 1869 nondum
2145 1815 2286 1866 sunt
2331 1812 2394 1868 in
2447 1807 2723 1867 homine:

596 1912 860 1987 cogitare
898 1917 957 1969 et
992 1911 1151 1970 velle
1191 1911 1418 1987 absque
1457 1912 1689 1980 facere,
1726 1929 1861 1969 cum
1897 1915 2130 1987 potest,
2184 1915 2323 1967 sunt
2357 1912 2515 1967 sicut
2540 1910 2722 1968 flam-

597 2030 797 2072 meum
832 2011 1129 2071 inclusum
1181 2016 1313 2070 vasi
1354 2012 1515 2087 quod
1565 2013 1992 2088 exstinguitur3
2048 2027 2120 2070 ac
2171 2011 2327 2069 sicut
2373 2026 2581 2068 semen
2621 2012 2723 2068 in-

586 2115 816 2188 jectum
855 2130 1108 2181 arenae,
1177 2112 1338 2187 quod
1385 2131 1504 2171 non
1554 2113 1878 2183 excrescit,
1943 2111 2051 2171 sed
2102 2128 2237 2169 cum
2281 2109 2550 2188 proliflco
2604 2128 2723 2170 suo

593 2215 777 2287 perit3
834 2220 896 2268 at
933 2214 1195 2286 cogitare
1248 2221 1307 2269 et
1353 2212 1546 2282 velle,
1600 2230 1671 2271 ac
1718 2212 1856 2272 inde
1908 2215 2139 2281 facere,
2194 2221 2287 2270 est
2337 2214 2493 2271 sicut
2543 2211 2723 2270 flam-

593 2329 790 2370 meum
833 2312 993 2387 quod
1040 2314 1428 2370 circumcirca
1474 2314 1577 2371 dat
1617 2314 1878 2372 calorem
1932 2323 1992 2372 et
2039 2313 2270 2388 lucem3
2327 2322 2388 2372 et
2430 2320 2524 2371 est
2560 2317 2727 2373 sicut

593 2430 799 2472 semen
847 2415 907 2471 in
945 2413 1158 2482 humo,
1225 2413 1384 2489 quod
1437 2417 1729 2473 excrescit
1768 2416 1830 2472 in
1878 2415 2155 2473 arborem
2207 2421 2312 2473 aut
2355 2414 2594 2485 florem,
2657 2420 2727 2473 et

592 2515 825 2592 existit3
881 2516 1132 2592 quisque
1188 2517 1343 2574 scire
1387 2523 1589 2592 potest
1633 2516 1794 2594 quod
1836 2515 1993 2575 velle
2044 2520 2104 2573 et
2138 2533 2255 2574 non
2291 2515 2521 2590 facere,
2580 2532 2724 2575 cum

589 2624 819 2693 potest,
876 2620 954 2675 sit
1001 2634 1119 2675 non
1168 2617 1359 2691 velle,
1424 2635 1495 2676 ac
1543 2635 1743 2676 amare
1791 2624 1850 2675 et
1898 2635 2015 2676 non
2063 2616 2283 2675 bonum
2334 2618 2535 2676 facere
2583 2634 2724 2676 cum

591 2725 824 2794 potest,
881 2720 958 2775 sit
1002 2735 1122 2775 non
1165 2735 1397 2792 amare,
1454 2722 1540 2777 ita
1580 2719 1739 2794 quod
1775 2718 1950 2777 modo
1987 2720 2065 2776 sit
2106 2721 2370 2795 cogitare
2409 2717 2571 2793 quod
2608 2734 2722 2777 ve-

589 2819 660 2877 lit
701 2825 760 2876 et
798 2825 990 2891 amet,
1053 2820 1136 2875 ita
1184 2818 1343 2893 quod
1379 2822 1456 2878 sit
1505 2823 1790 2896 cogitatio
1842 2826 2157 2896 separata,
2216 2836 2370 2895 quae
2409 2820 2725 2878 evanescit

592 2926 653 2978 et
679 2919 1042 2994 dissipatur:
1114 2924 1207 2976 est
1243 2937 1410 2978 amor
1439 2928 1498 2978 et
1526 2920 1805 2979 voluntas
1841 2923 1977 2997 ipsa
2012 2922 2208 2978 anima
2242 2921 2386 2978 sacti
2421 2936 2531 2978 seu
2569 2937 2724 2996 ope-

588 3021 710 3087 ris,
769 3018 986 3077 format
1022 3035 1198 3075 suum
1245 3036 1462 3096 corpus
1500 3023 1562 3078 in
1596 3023 1843 3080 sinceris
1881 3030 1941 3079 et
1967 3022 2152 3098 justis
2192 3038 2344 3097 quae
2381 3020 2556 3080 homo
2620 3021 2720 3079 sa-

590 3120 706 3191 cit3
785 3117 1095 3194 spirituale
1160 3135 1415 3195 corpus,
1491 3138 1603 3181 seu
1667 3138 1883 3197 corpus
1933 3124 2180 3198 spiritus
2229 3122 2514 3195 hominis,
2598 3139 2725 3181 non

591 3219 831 3278 aliunde
872 3224 994 3291 est,
1032 3217 1148 3275 hoc
1187 3228 1299 3289 est,
1335 3237 1452 3279 non
1491 3239 1566 3279 ex
1606 3222 1737 3280 aliis
1773 3222 2063 3281 formatur
2091 3241 2270 3299 quam
2306 3239 2377 3281 ex
2411 3222 2530 3281 illis
2559 3240 2723 3298 quae

588 3321 765 3380 homo
795 3340 866 3380 ex
903 3336 1113 3377 amore
1148 3336 1260 3379 seu
1289 3320 1600 3380 voluntate
1636 3323 1808 3396 facit,
1866 3322 2143 3383 videatur
2178 3341 2364 3400 supra
2411 3342 2479 3382 n:
2536 3325 2719 3400 4635

589 3423 776 3483 verbo
814 3428 954 3481 sunt
990 3423 1186 3480 omnia
1240 3421 1496 3482 hominis
1542 3430 1602 3483 et
1636 3424 1884 3499 spiritus
1923 3424 2053 3501 ejus
2096 3428 2157 3484 in
2202 3426 2378 3485 factis
2413 3441 2527 3485 seu
2561 3441 2716 3500 ope-

585 3524 753 3583 ribus
791 3525 920 3602 ejus
960 3519 1066 3603 (o).
2788 3508 2793 3511 ’

586 3779 753 3832 9071·
782 3781 949 3833 9386.
979 3783 1182 3836 10153.
1227 3778 1483 3831 Proinde
1509 3777 1666 3849 quod
1688 3779 1862 3831 homo
1885 3787 2019 3849 post
2044 3774 2290 3831 mortem
2314 3788 2539 3831 maneat
2562 3775 2718 3830 sicut

589 3848 712 3914 ejus
753 3866 917 3901 amor
957 3861 1014 3902 et
1057 3852 1190 3904 inde
1231 3852 1404 3914 fides,
1451 3863 1509 3906 et
1551 3853 1704 3925 quod
1749 3871 1894 3925 quae
1935 3854 2067 3907 fidei
2114 3865 2246 3907 sunt
2285 3865 2343 3907 ct
2383 3872 2498 3906 non
2543 3852 2723 3905 simul¹

586 3924 835 3984 amoris,
899 3934 1034 3976 tunc
1076 3939 1451 3990 evanescant,
1521 3930 1655 3999 quia
1707 3946 1826 3981 non
1868 3941 2001 3983 sunt
2041 3931 2102 3982 in
2144 3931 2410 3994 homine,
2475 3930 2553 3982 ita
2592 3946 2717 3982 non

586 3997 855 4061 hominis,
900 4013 970 4050 n:
1017 4008 1143 4059 553·
1183 4009 1351 4062 2364·
1392 4010 1598 4062 10153.

741 4097 831 4162 (o)
876 4095 1042 4161 Quod
1083 4099 1361 4153 interiora
1406 4102 1732 4154 successive
1776 4102 2015 4158 influant
2058 4107 2114 4158 in
2157 4106 2479 4172 exterior-a,
2526 4122 2718 4178 usque

587 4173 644 4225 in
688 4184 1005 4231 extremum
1048 4192 1151 4228 seu
1190 4176 1487 4238 ultimum,
1544 4186 1601 4229 et
1643 4177 1800 4248 quod
1845 4175 1939 4233 ibi*
1971 4182 2213 4236 existant
2266 4193 2322 4237 et
2375 4183 2713 4247 subsistant,

584 4262 652 4303 n:
699 4258 828 4312 634.
868 4258 1035 4311 6239.
1080 4259 1245 4314 6465.
1285 4261 1451 4313 9216.
1490 4260 1657 4312 9217.
1723 4251 1889 4317 Quod
1928 4274 2047 4310 non
2089 4259 2265 4313 modo
2308 4259 2567 4322 influant,
2612 4258 2717 4312 sed

585 4327 756 4382 ctiam
796 4327 1052 4382 forment
1091 4329 1150 4384 in
1194 4329 1396 4383 ultimo
1441 4329 1877 4396 simultaneum,
1942 4352 2058 4407 quo
2113 4336 2352 4402 ordine,
2416 4354 2482 4389 n:
2538 4342 2714 4396 5897.
