3013 5114
1040 371 1225 429 SUNT
1267 373 1445 428 TRES
1484 372 1713 430 COELI.
2385 386 2452 437 21

323 527 611 602 discreti,
687 525 1078 588 discriminat}
1137 536 1276 589 sunt
1328 533 1484 591 sicut
1541 526 1710 608 prius
1773 539 1833 591 et
1892 534 2230 609 posteriue,
2301 535 2460 595 sicut

322 645 517 688 causa
563 633 626 687 et
684 627 963 704 effectus,
1032 636 1092 690 et
1153 632 1309 690 sicut
1368 631 1708 708 producens
1774 640 1833 692 et
1897 633 2282 711 productum3
2356 637 2459 713 qui

324 728 612 807 explorat
666 728 922 804 videbit,
990 730 1151 806 quod
1201 733 1263 790 in
1329 730 1602 791 omnibus
1659 739 1720 792 et
1769 733 2019 809 singulis
2063 735 2123 792 in
2173 737 2456 796 universo

320 829 584 904 mundo,
643 846 1038 908 quaecunque
1075 837 1242 902 sunt,
1295 832 1449 891 tales
1481 831 1704 909 gradus
1745 833 2152 910 productionis
2200 842 2261 893 et
2286 852 2453 895 com-

323 931 648 1007 positionis
693 931 830 1005 sint,
871 930 1032 1007 quod
1077 950 1291 1008 nempe
1329 933 1406 991 ab
1442 948 1561 990 uno
1598 933 1854 993 alterum
1890 940 1952 993 et
1986 935 2061 992 ab
2100 933 2288 996 altero
2328 941 2455 994 ter-

320 1033 513 1100 tium,
578 1035 639 1089 et
678 1032 766 1089 sic
810 1047 1008 1106 porro.
1094 1031 1209 1108 Qui
1258 1051 1377 1092 non
1418 1035 1870 1110 perceptionem
1916 1033 2128 1094 horum
2162 1035 2455 1112 graduum
2489 1097 2504 1103 ,

325 1131 452 1190 sibi
494 1137 822 1207 comparat,
860 1149 1241 1210 nequaquam
1284 1140 1488 1211 potest
1533 1135 1687 1192 scire
1741 1134 2083 1193 discrimina
2129 1135 2451 1211 coelorum,

326 1237 391 1291 et
420 1231 765 1292 discrimina
784 1231 1134 1292 facultatum
1162 1235 1508 1293 interiorum
1538 1240 1599 1292 et
1629 1237 1995 1294 exteriorum
2029 1234 2302 1309 hominis,
2341 1253 2453 1295 nec

328 1332 653 1391 discrimen
696 1333 853 1390 inter
896 1333 1183 1392 mundum
1232 1335 1612 1411 spiritualem
1663 1342 1725 1394 et
1770 1334 2054 1394 mundum
2097 1333 2450 1410 naturalem,

327 1449 442 1492 nec
492 1432 809 1491 discrimen
835 1435 993 1493 inter
1019 1437 1294 1510 spiritum
1329 1435 1585 1495 hominis
1631 1442 1691 1496 et
1740 1415 1959 1512 corpus
1998 1436 2162 1514 ejus3
2220 1441 2280 1495 et
2313 1435 2450 1499 inde

327 1551 440 1592 nec
476 1532 812 1610 intelligere
859 1541 1065 1611 potest
1110 1536 1253 1612 quid
1294 1542 1354 1595 et
1404 1537 1564 1595 unde
1617 1536 2185 1613 correspondentiae
2228 1542 2288 1596 et
2345 1553 2448 1596 re-

328 1635 874 1710 praesentationes,
910 1652 1105 1711 neque
1137 1635 1330 1712 qualis
1362 1644 1457 1696 est
1489 1638 1779 1715 influxus;
1823 1638 2142 1698 sensuales
2178 1636 2450 1697 homines

330 1734 482 1793 haec
511 1733 859 1793 discrimina
891 1753 1012 1794 non
1051 1739 1322 1813 capiunt,
1378 1738 1604 1797 faciunt
1641 1741 1798 1798 enim
1834 1740 2198 1798 crescentias
2242 1743 2303 1797 et
2337 1737 2448 1797 de-

334 1836 703 1894 crescentias
745 1837 925 1894 etiam
969 1836 1300 1912 secundum
1338 1836 1449 1896 hos
1498 1837 1721 1913 gradus
1761 1841 2104 1913 continuasg
2160 1836 2296 1897 inde
2331 1855 2451 1896 non

333 1937 653 2013 concipere
694 1942 955 2013 possunt
998 1937 1312 2013 spirituale
1369 1936 1545 1995 aliter
1598 1955 1779 2013 quam
1818 1939 1972 1997 sicut
2014 1938 2226 2013 purius
2270 1944 2452 1995 natu—

329 2035 485 2094 rale:
543 2042 912 2113 quapropter
946 2039 1125 2096 etiam
1155 2037 1298 2097 foris
1335 2042 1531 2107 stant,
1584 2045 1645 2097 et
1682 2056 1715 2099 e
1749 2037 2073 2116 longinquo
2110 2035 2191 2098 ab
2221 2036 2448 2097 intelli·

322 2139 534 2214 gentia
573 2132 727 2219 (uu).
1841 2217 1856 2227 ο

541 2239 654 2296 39.
720 2235 945 2299 Ultimo
985 2237 1127 2298 licet
1170 2256 1455 2298 arcanum
1502 2240 1800 2316 quoddam
1850 2239 1924 2299 de
1973 2239 2223 2318 Angelis
2271 2240 2449 2299 trium

333 2335 655 2397 Coelorum
689 2355 1050 2414 memorare,
1106 2340 1266 2416 quod
1304 2342 1473 2417 prius
1509 2358 1627 2400 non
1663 2341 1844 2400 alicui
1876 2343 1938 2400 in
1972 2348 2234 2401 mentem
2266 2342 2447 2413 venit,

334 2440 477 2515 quia
515 2455 635 2499 non
670 2438 967 2499 intellexit
1001 2440 1257 2517 gradus3
1315 2441 1475 2517 quod
1523 2459 1738 2518 nempe
1787 2441 1952 2517 apud
1989 2442 2448 2518 unumquemvis

328 2539 663 2616 Angelum,
715 2545 776 2600 et
804 2559 1044 2623 quoque
1081 2541 1244 2617 apud
1279 2543 1742 2616 unumquemvis
1777 2540 2079 2600 hominem
2114 2543 2192 2599 sit
2227 2538 2449 2615 gradus

328 2642 574 2699 intimus
613 2657 723 2699 seu
766 2658 1117 2726 supremus,
1174 2658 1284 2700 seu
1328 2643 1600 2700 intimum
1636 2647 1696 2699 et
1741 2657 2090 2716 supremum
2131 2639 2445 2715 quoddam,

327 2743 390 2799 in
428 2741 587 2816 quod
622 2742 906 2799 Divinum
941 2741 1183 2800 Domini
1231 2744 1493 2818 primum
1531 2747 1634 2799 aut
1679 2743 1951 2818 proxime
2000 2740 2191 2799 influit
2203 2785 2219 2815 ,
2278 2745 2340 2798 et
2374 2756 2450 2798 ex

331 2856 451 2918 quo
488 2840 750 2917 disponit
792 2843 1026 2919 reliqua
1059 2844 1345 2901 interiora
1385 2860 1541 2918 quae
1587 2841 1922 2902 secundum
1968 2840 2190 2919 gradus
2227 2840 2448 2899 ordinis

330 2940 498 3018 apud
530 2942 667 3001 illos
696 2944 1055 3003 succedunt:
1093 2943 1207 3003 hoc
1242 2946 1515 3002 intimum
1551 2960 1661 3003 seu
1693 2961 2039 3020 supremum
2067 2944 2273 3001 vocari
2306 2948 2448 3018 pot-

335 3047 430 3101 est
461 3043 741 3102 introitus
769 3043 1013 3103 Domini
1044 3044 1120 3103 ad
1156 3045 1457 3120 Angelum
1498 3050 1560 3104 et
1594 3044 1672 3102 ad
1710 3044 2005 3103 hominem
2027 3088 2043 3118 ,
2097 3061 2169 3102 ac
2203 3032 2445 3120 ipsissi-

332 3161 495 3201 mum
547 3143 749 3221 Ipsius
809 3144 1172 3203 domicilium
1225 3145 1390 3220 apud
1435 3145 1605 3204 illos:
1673 3163 1787 3222 per
1834 3146 1949 3204 hoc
2009 3146 2283 3204 intimum
2346 3150 2450 3200 aut

334 3259 681 3319 supremum
717 3244 894 3304 homo
934 3252 1026 3305 est
1059 3245 1266 3320 home,
1324 3253 1386 3304 et
1435 3245 1817 3322 distinguitur
1858 3264 1895 3305 a
1940 3246 2129 3304 brutis
2174 3244 2449 3303 animali-

330 3343 478 3415 bu5‚
513 3363 650 3405 nam
689 3345 841 3405 haec
875 3345 1027 3404 illud
1060 3364 1178 3405 non
1215 3345 1467 3423 habent3
1505 3346 1643 3405 inde
1681 3353 1791 3422 est,
1832 3347 1993 3424 quod
2033 3345 2228 3419 hom0,
2269 3360 2447 3402 secus

331 3462 403 3505 ac
441 3447 750 3521 animalia,
804 3449 1002 3523 possit
1030 3446 1228 3522 quoad
1261 3449 1460 3506 omnia
1493 3449 1808 3522 interiora,
1866 3464 2021 3523 quae
2059 3449 2199 3503 sunt
2234 3445 2447 3502 mentis

330 3577 732 3603 —-.--2..-.

485 3672 614 3738 (uu)
660 3669 822 3737 Quod
868 3671 1153 3725 interiora
1206 3682 1264 3725 et
1317 3668 1608 3725 exteriora
1661 3685 1778 3720 non
1821 3667 2094 3721 continua
2134 3668 2278 3732 sint,
2348 3669 2449 3723 sed

333 3746 646 3800 secundum
689 3745 900 3820 gradus
941 3747 1210 3801 distincta
1251 3756 1310 3801 et
1350 3746 1634 3807 discreta,
1698 3754 1756 3797 et
1796 3743 2044 3817 quilibet
2084 3745 2295 3817 gradus
2337 3755 2448 3799 ter-

329 3822 611 3886 minatus,
655 3841 722 3876 n:
768 3831 936 3883 3691.
981 3832 1150 3885 5145.
1195 3830 1360 3883 5114.
1405 3829 1573 3881 8603·
1616 3827 1821 3881 10099.
1903 3818 2069 3885 Quod
2110 3839 2287 3873 unum
2328 3820 2448 3875 for-

329 3909 546 3951 matum
589 3900 664 3953 sit
703 3900 774 3953 ab
819 3900 1028 3964 altero,
1073 3910 1130 3953 ct
1170 3899 1328 3972 quod
1371 3915 1518 3971 quae
1560 3897 1641 3951 sic
1682 3897 1927 3950 formata
1971 3908 2120 3961 sunt,
2164 3915 2281 3951 non
2315 3915 2447 3951 con-

325 3973 490 4027 tinue
533 3976 782 4046 puriora
827 3985 886 4030 et
924 3976 1210 4030 crassiora
1246 3976 1390 4040 sint,
1432 3992 1503 4027 n:
1548 3981 1717 4036 6326.
1762 3981 1927 4036 6465.
2010 3972 2116 4040 Qui
2159 3991 2275 4026 non
2320 3991 2447 4045 per-

331 4048 477 4121 cipit
529 4049 1364 4118 distinctionem-interiorum
1421 4060 1478 4104 et
1532 4051 1888 4105 exteriorum
1940 4050 2250 4103 secundum
2306 4050 2449 4103 tales

329 4124 575 4197 gratim,
634 4127 794 4200 quod
835 4146 951 4180 non
996 4146 1205 4199 capere
1249 4127 1433 4198 possit
1471 4128 1768 4181 Internum
1814 4137 1873 4181 et
1910 4129 2225 4181 Externum
2265 4127 2448 4178 homi-

327 4218 496 4264 nem,
560 4220 666 4256 nec
729 4205 944 4258 Coelos
1005 4205 1322 4259 interiores
1385 4214 1443 4257 et
1506 4203 1860 4269 exteriores,
1924 4220 1992 4255 n:
2057 4209 2222 4264 5146.
2281 4210 2449 4262 6465.

333 4285 538 4340 10099.
586 4288 791 4341 10181.
