3013 5114
593 422 705 473 ‘280
1214 410 1305 463 ΗΕ
1350 409 1592 464 COELO
1638 410 1731 463 ET
1770 410 2108 477 INFERNO.

593 578 877 650 apparet,
951 571 1094 646 quia
1133 570 1424 628 Memoria
1460 588 1667 628 eorum
1704 572 1951 629 interior
1985 570 2137 629 lueis
2174 568 2373 627 radios
2410 573 2728 630 transmit-

591 677 664 733 tit
698 674 758 729 in
806 671 1191 741 exteriorem,
1253 673 1314 728 in
1364 671 1535 747 eujus
1583 671 1838 748 objectis
1889 687 2001 729 seu
2045 670 2234 745 ideiS,
2289 673 2445 729 sieut
2496 674 2559 729 in
2607 688 2728 730 sua

594 771 874 831 basiant
912 773 1068 829 sicut
1102 774 1164 829 in
1200 788 1314 829 sua
1359 771 1571 842 hurn0,
1623 771 1773 829 radii
1822 773 2237 845 terminantur,
2306 789 2377 829 ac
2434 771 2519 831 ibi
2570 771 2729 831 deli-

593 875 751 932 tiosa
787 872 1177 948 receptacula
1227 875 1568 948 inveniunt3
1621 890 1761 930 nam
1810 875 2096 930 memoria
2132 875 2395 930 exterior
2448 879 2542 931 est
2575 873 2728 931 ulti-

592 992 752 1032 mum
807 969 1061 1047 ordinis,
1116 976 1178 1031 in
1229 992 1347 1050 quo
1390 972 1730 1050 spiritualia
1780 978 1840 1031 et
1885 973 2174 1031 eoelestia
2218 972 2478 1032 molliter
2513 975 2726 1032 termi-

591 1083 811 1133 nantur
849 1082 908 1131 et
947 1074 1240 1148 resident,
1299 1073 1537 1151 quando
1578 1073 1659 1132 ibi
1692 1073 1850 1132 bona
1888 1080 1948 1132 et
1982 1090 2145 1132 vera.

754 1178 920 1233 467.
975 1175 1262 1234 Homines
1308 1193 1440 1233 cum
1485 1177 1692 1232 vivunt
1728 1175 1787 1231 in
1844 1174 2091 1247 mundo,
2148 1176 2250 1250 qui
2299 1176 2360 1231 in
2413 1191 2617 1234 amore
2662 1177 2726 1233 in

593 1276 916 1335 Dominum
955 1282 1015 1334 et
1061 1279 1118 1334 in
1157 1274 1444 1333 charitate
1485 1293 1629 1351 erga
1664 1276 1997 1352 proximum
2037 1281 2203 1348 sunt,
2260 1274 2422 1352 apud
2460 1292 2527 1333 se
2568 1284 2628 1333 et
2662 1279 2727 1333 in

594 1394 662 1436 se
698 1377 924 1434 habent
957 1376 1413 1453 intelligentiam
1452 1383 1512 1433 et
1547 1378 1908 1452 sapientiam
1944 1375 2306 1452 angelicam,
2359 1375 2468 1435 sed
2506 1394 2726 1435 recon-

594 1477 774 1535 ditam
816 1480 872 1535 in
912 1478 1131 1535 intimis
1173 1494 1379 1535 corum
1415 1479 1738 1535 memoriae
1783 1478 2083 1535 interioris
2105 1522 2122 1551 ‚
2184 1494 2342 1553 quae
2377 1476 2722 1554 intelligen-

597 1581 679 1636 tia
733 1586 793 1634 et
845 1579 1143 1654 sapientia
1205 1580 1292 1635 eis
1350 1594 1644 1654 nusquam
1705 1594 2002 1654 apparere
2059 1585 2296 1655 potest,
2370 1579 2727 1655 priusquam

595 1694 888 1754 corporea
930 1686 1186 1754 exuunt3
1242 1688 1382 1736 tunc
1434 1677 1729 1736 Memoria
1773 1678 2062 1737 naturalis
2104 1681 2371 1754 sopitur,
2426 1686 2486 1738 et
2534 1682 2729 1756 evigi-

595 1779 792 1836 lantur
828 1782 886 1836 in
938 1778 1285 1838 Memoriam
1326 1782 1701 1849 interiorem,
1756 1786 1813 1838 et
1864 1782 2210 1838 successive
2254 1779 2392 1838 dein
2433 1781 2492 1838 in
2527 1782 2729 1866 ipsam

592 1880 965 1958 Angelicam.

750 1984 914 2042 468.
982 1983 1295 2060 Quomodo
1348 1983 1665 2044 Rationale
1719 1988 1923 2060 potest
1980 1982 2207 2055 excoli,
2278 1985 2458 2041 etiam
2510 1985 2728 2059 paucis

596 2085 856 2157 dicetur3
912 2089 1232 2160 genuinum
1285 2084 1602 2143 Rationale
1653 2086 1926 2142 consistit
1975 2100 2048 2140 ex
2098 2087 2293 2159 veris,
2375 2092 2436 2142 ct
2480 2102 2595 2142 non
2627 2101 2728 2142 ‘ex

593 2183 794 2257 falsis:
864 2185 1022 2258 quod
1061 2202 1130 2243 ex
1173 2184 1341 2242 salsis
1387 2202 1504 2243 non
1544 2191 1638 2242 est
1673 2184 2024 2243 Rationale:
2081 2185 2247 2243 Vera
2290 2191 2431 2243 sunt
2467 2184 2724 2261 triplicis

594 2285 865 2360 generiS,
923 2291 1064 2342 sunt
1115 2283 1358 2355 Civilia,
1429 2284 1709 2357 Mor-alia,
1768 2291 1828 2342 et
1880 2283 2255 2361 Spiritualia3
2311 2285 2479 2344 Vera
2526 2286 2732 2345 civilia

595 2402 662 2443 se
706 2384 970 2442 referunt
1012 2387 1087 2443 ad
1126 2385 1231 2443 illa
1282 2402 1436 2462 quae
1475 2385 1701 2445 Judicii
1748 2392 1920 2455 sunt,
1975 2392 2036 2445 et
2087 2404 2242 2463 quac
2293 2386 2621 2463 Regiminis
2665 2390 2731 2446 in

592 2486 850 2565 Regnis‚
923 2489 981 2545 in
1023 2505 1244 2564 genere
1280 2487 1363 2546 ibi
1411 2487 1486 2545 ad
1528 2485 1772 2574 Justum
1829 2493 1887 2545 et
1925 2486 2241 2565 Aequum:
2304 2487 2472 2547 Vera
2521 2505 2727 2547 mora-

595 2588 678 2647 lia
717 2606 782 2648 se
822 2590 1087 2649 referunt
1127 2589 1204 2648 ad
1239 2589 1343 2648 illa
1390 2606 1547 2666 quae
1585 2591 1745 2647 vitae
1784 2590 2051 2665 quusvis
2091 2589 2347 2649 hominis
2395 2596 2566 2659 sunt,
2618 2608 2727 2648 re-

590 2692 859 2769 spective
898 2691 974 2749 ad
1013 2693 1335 2750 societates
1378 2698 1438 2749 et
1475 2693 1807 2762 consortia,
1859 2692 1920 2747 in
1958 2707 2179 2767 genere
2209 2691 2286 2749 ad
2315 2690 2625 2750 Sincerum
2666 2698 2730 2749 et

590 2791 871 2864 Rectum,
929 2809 998 2849 ac
1054 2794 1112 2849 in
1163 2794 1371 2867 specie
1423 2791 1496 2849 ad
1548 2791 1823 2850 Virtutes
1873 2793 2061 2849 omnis
2110 2796 2381 2868 generis:
2453 2799 2513 2850 at
2557 2775 2729 2851 Vera

595 2891 932 2967 spiritualia
960 2909 1025 2949 se
1057 2893 1321 2950 referunt
1354 2892 1430 2950 ad
1457 2892 1561 2950 illa
1610 2909 1763 2967 quae
1793 2892 1958 2952 Coeli
1991 2900 2050 2951 et
2091 2893 2405 2952 Ecclesiae
2444 2900 2612 2965 sunt,
2668 2897 2731 2952 in

588 3008 810 3066 genere
852 2992 927 3049 ad
963 2991 1184 3049 bonum
1217 2992 1376 3067 quod
1414 2994 1632 3050 amoris
1672 2998 1731 3051 et
1758 3011 1963 3052 verum
1995 2994 2154 3070 quod
2190 2993 2347 3052 fidei.
2407 2994 2563 3055 Sunt
2597 3001 2726 3055 tres

591 3092 815 3167 gradus
850 3092 1012 3149 vitae
1051 3092 1211 3166 apud
1247 3094 1706 3169 unumquemvis
1734 3093 2063 3166 hominem,
2117 3095 2389 3155 videatur
2420 3113 2607 3173 supra
2649 3114 2724 3155 n:

596 3194 732 3251 267
755 3211 772 3267 3
828 3190 1145 3250 Rationale
1183 3192 1257 3249 ad
1303 3195 1559 3268 primum
1597 3194 1845 3268 gradum
1887 3198 2154 3274 aperitur
2200 3214 2310 3271 per
2349 3196 2516 3256 Vera
2554 3194 2723 3255 Civi-

589 3293 700 3368 lia3
758 3293 835 3351 ad
887 3293 1215 3352 secundum
1253 3293 1500 3369 gradum
1548 3311 1660 3370 per
1711 3293 1873 3352 Vera
1918 3296 2197 3370 moralia3
2257 3303 2318 3355 et
2366 3298 2444 3355 ad
2479 3299 2726 3356 tertium

591 3393 843 3473 gradum
893 3413 1005 3471 per
1045 3395 1209 3453 Vera
1245 3394 1598 3470 spiritualia.
1690 3395 1771 3452 At
1808 3397 2151 3467 sciendum,
2204 3398 2361 3474 quod
2401 3398 2725 3457 Rationale

591 3516 665 3555 ex
702 3497 818 3556 illis
855 3514 969 3555 non
999 3497 1288 3555 formetur
1327 3513 1398 3555 ac
1429 3499 1735 3573 aperiatur
1774 3515 1887 3574 per
1927 3499 1984 3557 id
2025 3499 2183 3575 quod
2213 3499 2390 3558 homo
2422 3502 2573 3558 sciat
2597 3500 2724 3575 illa,

593 3597 703 3656 scd
737 3615 847 3675 per
894 3599 956 3656 id
994 3599 1151 3675 quod
1188 3598 1367 3658 homo
1403 3600 1566 3656 vivat
1594 3599 2093 3675 secundumilla3
2151 3606 2211 3658 et
2245 3617 2354 3677 per
2389 3602 2593 3659 vivere
2622 3617 2728 3661 se·

591 3697 846 3756 cundum
886 3700 990 3757 illa
1025 3699 1375 3776 intelligitur
1415 3716 1617 3758 amare
1656 3699 1760 3757 illa
1798 3717 1869 3758 ex
1909 3699 2235 3759 affectione
2265 3700 2599 3778 spirituali,
2663 3709 2726 3762 et

590 3815 797 3856 amare
833 3799 939 3857 illa
977 3817 1049 3859 ex
1081 3800 1393 3859 affectione
1422 3800 1721 3877 spirituali
1751 3807 1844 3860 est
1874 3818 2077 3860 amare
2099 3802 2332 3877 justum
2366 3809 2425 3861 et
2460 3820 2722 3880 aequum

592 3898 735 3972 quia
780 3904 872 3955 est
913 3900 1145 3975 justum
1197 3908 1256 3958 et
1310 3918 1600 3977 aequum,
1685 3904 1980 3961 sincerum
2031 3909 2090 3960 et
2151 3909 2379 3960 rectum
2434 3905 2578 3980 quia
2630 3910 2728 3962 est

590 3998 888 4054 sincerum
928 4006 987 4055 et
1024 4006 1284 4072 rectum,
1343 4017 1413 4058 ac
1453 4001 1675 4060 bonum
1726 4009 1787 4061 et
1820 4021 2031 4062 verum
2080 4006 2221 4078 quia
2274 4010 2367 4063 est
2401 4004 2623 4063 bonurn
2664 4010 2727 4064 et

587 4114 829 4171 verum3
887 4103 949 4155 at
981 4099 1186 4156 vivere
1235 4099 1563 4158 secundum
1609 4102 1714 4159 illa
1763 4112 1825 4162 et
1871 4121 2073 4163 amare
2118 4104 2223 4163 illa
2276 4123 2349 4163 ex
2406 4105 2725 4165 affectione

592 4214 913 4274 corporea,
959 4205 1052 4257 est
1088 4215 1287 4258 amare
1327 4199 1432 4258 illa
1458 4208 1710 4279 propter
1739 4219 1838 4278 se,
1880 4208 1973 4264 sui
2010 4205 2258 4279 samam,
2298 4206 2584 4264 honorem
2615 4213 2727 4264 aut

591 4298 822 4360 lucrum
839 4320 854 4379 3
925 4305 1291 4379 quapropter
1351 4309 1637 4380 quantum
1700 4303 1874 4364 homo
1935 4324 2004 4365 ex
2054 4305 2365 4366 affectione
2429 4322 2759 4383 corporea⁴
