3013 5114
655 429 765 478 ‘290
1260 417 1356 467 DE
1402 414 1638 468 COELO
1680 414 1774 468 ET
1816 412 2150 468 INFERNO.

654 579 852 652 falsis3
911 582 1277 652 quapropter
1312 578 1448 634 viae
1485 578 1545 633 in
1581 575 1786 634 Verbo
1832 574 1934 633 illa
1970 571 2307 650 significant
2342 568 2460 651 (p).
2546 572 2636 629 Ex
2675 571 2772 631 his

656 678 1059 754 experientiae
1097 678 1465 735 documentis
1517 676 1863 736 confirmata
1909 680 2078 743 sunt,
2139 690 2295 749 quae
2333 675 2502 749 prius
2554 691 2630 731 ex
2665 690 2769 731 ra-

653 782 812 837 tione
854 779 1012 837 dicta
1060 784 1227 851 sunt,
1282 794 1497 854 nempe
1522 777 1700 864 ,quod
1743 777 2159 853 unusquisque
2198 774 2375 832 homo
2425 780 2565 850 post
2609 791 2770 833 mor-

652 889 774 939 tem
815 882 894 938 sit
932 895 1079 937 suus
1126 895 1319 953 amor,
1392 885 1452 937 et
1502 896 1616 937 sua
1653 879 1963 938 voluntas:
2029 877 2305 934 voluntas
2362 874 2578 934 dicitur
2628 877 2774 951 quia

654 985 789 1057 ipsa
822 981 1103 1039 voluntas
1142 981 1410 1056 cujusvis
1443 986 1536 1037 est
1567 981 1696 1056 ejus
1737 997 1919 1040 amor.

709 1130 716 1138 ·
811 1103 973 1161 480.
1054 1098 1245 1176 Quod
1291 1099 1471 1159 homo
1510 1104 1664 1178 post
1719 1104 1982 1159 mortem
2033 1101 2289 1157 maneat
2335 1096 2405 1156 in
2452 1101 2778 1159 aetemum

655 1199 868 1282 qualis
905 1209 998 1263 est
1032 1200 1242 1281 quoad
1278 1220 1464 1261 suam
1501 1197 1887 1259 voluntatem
1924 1206 2038 1261 aut
2074 1216 2351 1258 amorem
2384 1205 2773 1277 regnantem,

658 1306 837 1362 etiam
885 1322 996 1380 per
1047 1302 1278 1378 plurem
1328 1303 1758 1378 experientiam
1805 1302 2212 1360 confirmatum
2262 1306 2383 1359 est:
2440 1298 2642 1357 datum
2682 1306 2778 1360 est

655 1405 820 1481 loqui
869 1422 1002 1462 cum
1050 1403 1351 1478 aliquibus
1409 1405 1510 1477 qui
1559 1408 1694 1459 ante
1748 1402 1862 1459 duo
1915 1403 2100 1462 millia
2144 1419 2430 1460 annorum
2477 1403 2776 1472 vixerunt,

659 1523 906 1580 quorum
957 1506 1081 1562 vita
1127 1506 1183 1560 in
1234 1504 1551 1560 Historicis
1609 1502 1911 1578 descripta
1966 1510 2086 1576 est,
2157 1509 2216 1560 et
2260 1487 2397 1560 inde
2460 1508 2627 1576 nota,
2686 1502 2778 1562 illi

656 1605 944 1680 comperti
993 1610 1162 1677 sunt,
1222 1603 1379 1679 quod
1433 1603 1545 1660 sibi
1599 1602 1793 1661 adhuc
1843 1605 2067 1681 similes
2126 1612 2354 1677 essent,
2414 1610 2470 1660 et
2520 1620 2774 1678 prorsus

652 1704 807 1762 'tales
846 1706 1002 1764 sicut
1038 1705 1322 1779 descripti
1363 1709 1532 1778 sunt,
1589 1706 1674 1761 ita
1719 1704 1917 1780 quoad
1963 1722 2259 1776 amorem,
2303 1722 2376 1761 ex
2414 1721 2530 1779 quo
2574 1709 2633 1761 et
2669 1721 2773 1763 se-

656 1805 912 1863 cundum
953 1823 1127 1883 quem
1168 1808 1291 1862 vita
1322 1822 1546 1862 eorum.
1617 1805 1884 1864 Fuerunt
1920 1806 2019 1863 alii
2062 1807 2162 1880 qui
2195 1811 2333 1862 aut-e
2364 1804 2777 1880 septendecim

656 1906 903 1966 saecula
954 1909 1260 1980 vixerunt,
1332 1912 1390 1965 et
1432 1922 1671 1982 quoque
1715 1923 1788 1964 ex
1843 1906 2161 1964 Histoi-icis
2213 1907 2368 1978 noti;
2426 1913 2485 1964 et
2533 1905 2780 1964 fuerunt

659 2010 757 2083 qui
796 2014 931 2066 ante
972 2014 1227 2083 quatuor
1265 2007 1539 2080 saecula,
1584 2013 1644 2065 et
1682 2008 1784 2083 qui
1821 2014 1956 2064 ante
1992 2008 2134 2078 tria,
2187 2012 2246 2064 et
2282 2009 2367 2063 sic
2401 2023 2599 2082 porte,
2642 2024 2781 2065 cum

658 2108 872 2182 quibus
914 2110 1091 2166 etiam
1142 2108 1302 2181 loqui
1350 2108 1551 2164 datum
1604 2114 1721 2180 cst,
1793 2113 1852 2165 et
1894 2112 2292 2182 compertum,
2365 2106 2522 2182 quod
2562 2107 2776 2167 similis

660 2207 892 2265 affectio
948 2207 1143 2264 adhuc
1201 2214 1481 2282 regnaret
1541 2207 1702 2283 apud
1752 2207 1921 2282 illos3
1992 2208 2220 2282 absque
2261 2207 2591 2266 differentia
2638 2208 2779 2284 alia,

657 2324 830 2382 quam
871 2307 1026 2382 quod
1058 2307 1329 2384 jucunda
1364 2310 1582 2365 amoris
1629 2326 1829 2365 eorum
1878 2325 2054 2366 versa
2089 2309 2309 2367 suerint
2344 2312 2403 2366 in
2438 2308 2584 2367 talia
2619 2327 2779 2385 quae

655 2408 1139 2484 correspondent.
1225 2408 1467 2466 Dictum
1535 2413 1627 2467 est
1686 2409 1760 2466 ab
1826 2408 2105 2485 AngeliS,
2175 2410 2335 2484 quod
2386 2411 2509 2467 vita
2557 2413 2781 2469 amoris

657 2510 960 2587 regnantis
997 2527 1290 2586 nusquam
1328 2512 1386 2568 in
1424 2516 1729 2569 aeternum
1769 2510 1931 2586 apud
1958 2510 2142 2569 ullum
2176 2517 2458 2582 mutetur,
2498 2497 2784 2587 quoniat'n

663 2612 1074 2688 unusquisque
1114 2616 1206 2669 est
1242 2628 1385 2669 suus
1435 2628 1630 2685 amor,
1687 2629 1872 2688 quare
1921 2612 2086 2669 illum
2122 2619 2355 2670 mutare
2395 2613 2558 2687 apud
2592 2595 2781 2689 spiri*-

662 2720 815 2784 tum,
892 2718 989 2769 est
1041 2729 1176 2771 eum
1234 2714 1474 2788 privare
1526 2730 1636 2771 sua
1687 2716 1810 2770 vita
1863 2729 1971 2770 seu
2028 2715 2428 2788 exstinguere.
2520 2712 2786 2772 Causam

666 2813 842 2869 etiam
887 2812 1191 2886 dixerunt,
1245 2813 1407 2888 quod
1442 2831 1657 2889 nempe
1697 2814 1875 2872 homo
1911 2818 2051 2891 post
2085 2822 2332 2871 mortem
2370 2831 2488 2872 non
2524 2815 2786 2891 amplius

655 2929 767 2987 per
822 2913 1269 2971 instructionem
1332 2914 1643 2972 reformari
1704 2920 1920 2989 queat,
1998 2905 2153 2972 sicut
2203 2916 2261 2971 in
2317 2915 2569 2984 muud0‚
2641 2918 2788 2991 quia

658 3010 930 3068 ultimum
968 3011 1246 3086 planum,
1301 3015 1459 3089 quod
1501 3017 1773 3073 consistit
1814 3033 1886 3074 ex
1929 3014 2363 3091 cognitionibus
2410 3022 2470 3075 et
2507 3015 2781 3075 affectio-

595 3181 598 3186 *
654 3108 830 3189 nibus
869 3111 1275 3185 naturalibuS,
1328 3120 1466 3172 tunc
1511 3116 1792 3191 quiescit,
1851 3123 1910 3174 et
1943 3133 2059 3174 non
2096 3123 2297 3191 potest
2334 3118 2588 3192 aperiri,
2638 3118 2787 3191 quia

657 3227 775 3269 non
832 3216 925 3270 est
970 3212 1319 3287 spirituale,
1390 3214 1663 3273 videatur
1709 3232 1895 3292 supra
1941 3236 2013 3274 n:
2068 3219 2267 3291 464,ἱ
2303 3222 2362 3274 et
2401 3217 2560 3293 quod
2596 3233 2788 3294 super

654 3310 757 3370 illo
794 3312 975 3388 plano
1011 3314 1323 3388 interiora,
1365 3331 1519 3389 quae
1560 3318 1772 3373 mentis
1812 3334 1921 3375 seu
1962 3319 2139 3375 animi
2177 3324 2342 3387 sunt,
2395 3320 2787 3394 requiescant

662 3414 821 3472 sicut
856 3414 1067 3473 domus
1118 3430 1305 3491 super
1353 3432 1461 3473 suo
1502 3415 1917 3489 fundamentO,
1976 3423 2036 3475 et
2075 3417 2234 3493 quod
2267 3418 2403 3475 inde
2455 3422 2562 3493 sit,
2616 3418 2788 3501 quod

661 3514 838 3574 homo
886 3518 945 3573 in
993 3523 1300 3575 aeternum
1339 3523 1608 3592 maneat,
1676 3519 1833 3576 sicut
1871 3518 2164 3594 ejusevita
2212 3520 2431 3577 amoris
2475 3520 2673 3578 fuerat
2720 3520 2790 3577 iu

663 3615 911 3675 mundo:
965 3615 1184 3694 Angeli
1216 3620 1506 3677 mirantur
1546 3618 1760 3691 valde,
1811 3618 1970 3694 quod
2005 3618 2183 3678 homo
2230 3636 2346 3677 non
2383 3623 2567 3693 sciat,
2623 3618 2795 3695 quod

660 3718 915 3793 quisque
965 3718 1102 3776 talis
1161 3720 1238 3776 sit
1293 3720 1487 3796 qualis
1547 3720 1676 3796 ejus
1727 3737 1894 3778 amor
1940 3737 2232 3796 regnanS,
2296 3726 2356 3778 et
2403 3720 2561 3796 quod
2608 3718 2791 3779 multi

659 3816 931 3890 credant,
991 3817 1150 3893 quod
1190 3819 1415 3879 salvari
1454 3824 1689 3897 possint
1727 3839 1799 3880 ex
1843 3821 2190 3880 immediata
2215 3820 2659 3895 Misericordia,
2719 3826 2789 3878 et

673 3953 872 3964 -Μ

810 4025 900 4096 (p)
940 4024 1247 4103 Quod’via,
1288 4029 1506 4093 semita,
1551 4030 1766 4096 orbita,
1811 4031 1993 4096 vicus,
2037 4032 2225 4103 platea
2261 4030 2584 4104 significent
2617 4047 2789 4097 vera,

658 4116 804 4172 quae
843 4099 1059 4153 ducunt
1102 4101 1173 4153 ad
1218 4102 1468 4167 bonum,
1512 4114 1577 4157 ut
1623 4116 1678 4159 et
1717 4107 1856 4159 falsa
1893 4124 2040 4179 quae
2075 4107 2292 4160 ducunt
2327 4106 2398 4161 ad
2433 4105 2665 4168 malum,
2709 4124 2788 4158 n:

659 4184 787 4237 627.
824 4184 993 4237 2333.
1031 4185 1240 4238 10422.
1327 4184 1577 4234 Verrere
1618 4182 1792 4244 viam,
1839 4184 1998 4253 quod
2039 4183 2110 4235 sit
2146 4200 2495 4254 praeparare
2529 4194 2593 4235 ut
2640 4199 2794 4235 vera

657 4253 1047 4323 recipiantur,
1102 4271 1171 4309 uz
1228 4263 1399 4316 3142.
1481 4258 1684 4310 Notam
1728 4257 1922 4311 facere
1973 4258 2155 4323 viam,
2219 4277 2352 4312 curn
2393 4258 2463 4312 de
2500 4257 2786 4322 Domine,

660 4330 817 4402 quod
860 4331 933 4383 sit
969 4329 1255 4386 instruere
1291 4331 1349 4384 iu
1394 4333 1548 4387 veris
1583 4351 1729 4407 quae
1773 4333 1990 4388 ducunt
2021 4333 2091 4387 ad
2132 4335 2372 4400 bonum,
2416 4349 2482 4387 n:
2531 4340 2743 4396 10564.
