3013 5114
552 410 663 462 108
1165 399 1261 452 DE
1303 397 1538 452 COELO
1580 397 1674 452 ET
1712 396 2045 452 INFERNO.

553 579 628 621 ex
661 559 882 619 talibus
910 573 1066 634 quae
1103 557 1481 632 concordant,
1529 557 1984 616 communicatio
2020 538 2200 630 rupta
2236 560 2328 613 est
2364 561 2425 613 et
2459 554 2659 615 diver-

549 660 775 720 simode
813 659 1173 730 cohaerens,
1237 674 1372 715 nam
1421 675 1540 715 non
1577 662 1671 714 est
1708 673 1840 715 cum
1878 655 2266 714 societatibus
2305 657 2366 713 in
2410 659 2566 716 serie
2603 660 2665 715 in

553 779 675 839 qua
723 767 817 819 est
850 760 1041 818 forma
1087 757 1270 817 coeli:
1324 757 1443 817 illis
1484 762 1716 832 autem,
1776 759 1878 833 qui
1917 773 2033 814 non
2069 757 2130 814 in
2171 757 2563 833 intelligentia
2607 763 2668 816 et

551 862 847 938 sapientia
881 865 1050 934 sunt,
1093 861 1234 935 quia
1269 860 1328 917 in
1364 859 1533 918 falsis
1576 875 1651 918 ex
1687 857 1863 932 male,
1903 859 2361 916 communicatio
2401 864 2495 916 est
2531 875 2665 916 cum

553 961 941 1021 societatibus
977 962 1036 1017 in
1072 958 1333 1018 inferno:
1389 960 1676 1018 Extensio
1705 963 1799 1017 est
1834 957 2163 1016 secundum
2194 964 2476 1033 quantum
2517 975 2663 1018 con-

549 1063 918 1122 firmationis,
1014 1061 1200 1118 Porro
1250 1060 1590 1135 sciendum,
1656 1058 1814 1135 quod
1874 1059 2328 1116 communicatio
2376 1058 2481 1116 illa
2529 1076 2666 1118 cum

554 1161 994 1236 SocietatibuS,
1053 1178 1173 1218 non
1225 1163 1303 1219 sit
1339 1161 1795 1220 communicatio
1835 1175 1967 1216 cum
2020 1158 2139 1216 illis
2179 1159 2253 1217 ad
2291 1160 2666 1217 manifestam

554 1264 1005 1339 perceptionem
1042 1262 1281 1320 illorum
1315 1263 1416 1337 qui
1448 1261 1565 1334 ibi,
1619 1261 1730 1318 sed
1766 1260 2220 1318 communicatio
2259 1276 2393 1318 cum
2429 1259 2670 1318 illorum

561 1363 755 1440 quali,
811 1365 871 1420 in
908 1378 1025 1437 quo
1063 1366 1203 1418 sunt
1238 1367 1298 1420 et
1343 1361 1504 1437 quod
1540 1378 1615 1419 ex
1649 1359 1767 1419 illis
1809 1356 1914 1441 (o).

644 1478 647 1481 ’
709 1483 869 1539 205.
927 1480 1269 1539 Consociati
1303 1487 1441 1539 sunt
1476 1497 1684 1539 omnes
1721 1482 1781 1538 in
1819 1479 2002 1539 Coelo
2040 1478 2369 1538 secundum
2407 1477 2668 1538 affinita—

551 1589 644 1640 tes
682 1581 1056 1656 spiritualeS,
1125 1598 1278 1656 quae
1316 1587 1453 1639 sunt
1501 1582 1641 1640 boni
1678 1587 1737 1639 et
1770 1582 1900 1638 veri
1935 1582 1995 1638 in
2044 1596 2155 1638 suo
2201 1579 2432 1653 ordine,
2489 1582 2573 1638 ita
2607 1582 2669 1639 in

553 1686 680 1740 toto
732 1681 927 1756 coe10‚
991 1682 1076 1739 ita
1119 1683 1182 1739 in
1229 1685 1568 1755 unaquavis
1622 1683 1944 1753 societate,
2010 1697 2080 1738 ac
2117 1681 2201 1737 ita
2234 1682 2297 1738 in
2332 1682 2667 1756 unaquavis

556 1783 732 1841 domo
753 1802 769 1858 3
806 1781 943 1839 inde
982 1789 1106 1852 est,
1146 1781 1303 1857 quod
1334 1782 1555 1858 Angeli
1593 1783 1695 1858 qui
1735 1783 1797 1839 in
1832 1782 2010 1840 simili
2044 1780 2201 1839 bono
2241 1787 2301 1839 et
2334 1798 2478 1840 vero
2508 1787 2666 1855 sunt,

559 1900 626 1941 se
665 1889 1028 1958 cognoscant
1067 1889 1129 1940 ut
1167 1885 1597 1959 consanguinei
1626 1890 1686 1941 et
1722 1881 1929 1940 affines
1964 1885 2027 1941 in
2062 1883 2258 1955 terriS,
2298 1880 2477 1958 plane
2514 1884 2672 1942 sicut

551 1985 677 2041 noti
712 1982 787 2041 ab
822 1983 1087 2041 infantia.
1156 1981 1439 2042 Similiter
1475 1984 1819 2042 consociata
1854 1988 1994 2040 sunt
2027 1982 2186 2040 bona
2214 1988 2274 2039 et
2308 1999 2470 2057 vera,
2512 1999 2669 2057 quae

554 2084 779 2142 faciunt
813 2084 1169 2159 sapientiam
1209 2092 1268 2140 et
1302 2083 1785 2160 intelligentiam,
1845 2083 2006 2157 apud
2039 2085 2499 2158 unumquemvis
2534 2082 2667 2141 An-

552 2182 784 2258 gelum3
841 2189 1210 2258 cognoscunt
1244 2199 1311 2240 se
1348 2184 1653 2251 similiter,
1705 2187 1765 2240 et
1811 2183 1968 2241 sicut
2015 2199 2083 2241 se
2126 2188 2520 2257 cognoscunt,
2582 2184 2671 2241 ita

560 2299 801 2359 quoque
838 2298 906 2340 se
948 2282 1315 2358 conjungunt
1346 2279 1458 2363 (p).
1544 2283 1930 2358 Quapropter
1966 2282 2079 2357 illi,
2138 2283 2301 2358 apud
2338 2299 2486 2359 quos
2523 2299 2673 2341 vera

559 2388 619 2441 et
651 2381 810 2440 bona
845 2383 1173 2441 secundum
1210 2385 1459 2442 formam
1500 2383 1654 2443 coeli
1692 2382 2010 2459 conjuncta
2044 2390 2217 2457 sunt,
2279 2384 2486 2442 vident
2523 2400 2670 2442 con-

555 2485 874 2560 sequentia
908 2485 971 2541 in
1004 2484 1199 2553 serie,
1261 2491 1321 2542 et
1353 2484 1474 2543 late
1523 2487 1747 2543 circum
1786 2485 1945 2543 circa
1982 2483 2277 2562 quomodo
2315 2484 2673 2560 cohaerent3

558 2585 735 2644 aliter
781 2585 897 2660 illi,
956 2585 1119 2661 apud
1165 2603 1317 2662 quos
1370 2587 1531 2645 bona
1580 2591 1639 2645 et
1684 2603 1832 2644 vera
1878 2603 1997 2644 non
2042 2585 2371 2645 secundum
2423 2585 2674 2644 formam

553 2684 719 2746 Coeli
757 2687 1075 2763 conjuncta
1109 2692 1265 2745 sunt.

711 2807 872 2863 206.
949 2804 1115 2863 Talis
1164 2811 1258 2863 est
1314 2806 1506 2863 forma
1553 2809 1614 2863 in
1671 2807 2003 2882 unoquovis
2062 2805 2276 2882 Coe10,
2338 2806 2673 2865 secundum

555 2921 734 2981 quam
773 2904 1229 2963 communicatio
1278 2911 1338 2962 et
1388 2908 1658 2964 extensio
1708 2908 2135 2981 cogitationum
2185 2913 2246 2966 et
2291 2907 2672 2966 affectionum

555 3004 825 3079 AngeliS,
871 3007 956 3062 ita
988 3004 1317 3061 secundum
1357 3023 1534 3081 quam
1569 3006 1964 3082 intelligentia
2001 3013 2059 3065 et
2098 3009 2395 3083 sapientia
2431 3024 2669 3083 eorum;

552 3103 664 3162 sed
727 3103 846 3161 alia
884 3109 993 3162 cst
1042 3107 1497 3163 communicatio
1551 3108 1727 3165 unius
1781 3108 1933 3165 coeli
1991 3124 2128 3166 cum
2175 3108 2397 3182 altero,
2452 3124 2671 3183 nempe

556 3203 747 3262 Tertii
781 3221 891 3262 seu
928 3204 1131 3263 Intimi
1166 3222 1301 3263 cum
1340 3204 1617 3265 Secundo
1654 3223 1765 3266 seu
1803 3206 2035 3282 Medio,
2088 3225 2160 3266 ac
2192 3207 2373 3285 hujus
2416 3214 2477 3266 et
2508 3207 2674 3265 illius

552 3321 687 3363 cum
735 3304 934 3363 Primo
987 3321 1097 3363 seu
1132 3305 1389 3366 Ultimo:
1447 3314 1543 3365 ast
1594 3309 2048 3366 communicatio
2094 3311 2250 3367 inter
2300 3307 2516 3367 Coelos
2550 3323 2672 3365 non

551 3405 804 3465 dicenda
840 3411 934 3465 est
970 3408 1457 3478 communicatio,
1511 3407 1622 3467 sed
1653 3407 1958 3482 Influxus,
1996 3408 2072 3468 de
2105 3408 2220 3468 hoc
2255 3426 2413 3468 nunc
2448 3407 2674 3485 aliquid

561 3559 613 3568 0-

705 3663 794 3728 (o)
852 3661 1016 3728 Quod
1058 3664 1332 3736 cogitatio
1380 3681 1438 3717 se
1481 3664 1764 3718 diffundat
1810 3665 1868 3717 in
1916 3666 2223 3719 societates
2263 3663 2571 3736 spirituum
2613 3674 2675 3717 et

548 3738 889 3808 angelorum
942 3740 1355 3802 circumcirca,
1418 3759 1487 3793 n:
1546 3748 1695 3803 6600
1733 3740 1804 3794 ad
1846 3749 2016 3801 6605.
2098 3740 2271 3819 Quod
2316 3756 2501 3810 usque
2553 3756 2676 3791 non

551 3824 781 3866 moveat
821 3824 879 3865 et
918 3814 1117 3868 turbet
1157 3816 1497 3882 societatum
1541 3817 1944 3888 cogitationem,
1987 3835 2056 3868 n:
2101 3825 2272 3877 6601.
2315 3823 2482 3876 6603.

706 3913 796 3983 (p)
841 3912 1007 3978 Quod
1046 3914 1264 3967 bonum
1306 3925 1580 3988 agnoscat
1621 3933 1787 3969 suum
1827 3933 2064 3980 verum,
2127 3934 2191 3969 ac
2246 3933 2451 3969 verum
2505 3931 2671 3967 suum

550 3986 802 4052 bonum,
866 4006 934 4039 ¹¹³
992 3996 1162 4049 2429.
1206 3998 1375 4050 3101.
1420 3999 1590 4051 3102.
1637 4001 1805 4053 3161.
1850 4001 2017 4053 3179·
2061 4000 2231 4053 3180.
2280 3999 2449 4053 4358.
2501 3998 2670 4050 5407.

554 4069 722 4121 5835.
778 4071 947 4124 9637.
1049 4063 1214 4128 Quod
1269 4066 1402 4118 inde
1462 4067 1801 4134 conjunctio
1853 4068 1995 4121 boni
2045 4079 2103 4122 et
2151 4068 2313 4132 veri,
2376 4085 2431 4119 n:
2501 4073 2672 4126 3834.

552 4145 719 4198 4096·
756 4146 924 4199 4097.
961 4147 1131 4201 4301.
1169 4148 1338 4203 4345.
1375 4148 1546 4202 4353.
1596 4150 1763 4205 4364·
1801 4151 1970 4204 4368.
2011 4152 2179 4205 5365·
2216 4151 2363 4204 7623
2398 4141 2470 4195 ad
2505 4149 2674 4202 7627·

552 4214 1214 4355 {ggss’a327}g{·⁹·8530.
1263 4226 1430 4279 9258.
1472 4227 1679 4280 10555.
1759 4218 1830 4273 Et
1882 4221 2041 4292 quod
2082 4222 2194 4275 hoc
2235 4219 2308 4274 sit
2348 4236 2416 4300 εξ
2457 4218 2679 4273 influxu
