3013 5114
575 406 683 458 aas
1186 392 1278 443 ns
1320 389 1561 442 costo
1607 388 1699 440 ετ
1741 387 2082 442 mmmm.

573 571 787 615 omnes
835 555 1240 612 sinceritatem
1277 559 1337 609 et
1378 552 1675 627 justitiam
1726 554 2010 607 exercent
2054 551 2113 606 in
2163 547 2459 617 externis,
2509 562 2700 622 usque

575 658 762 729 adeo,
818 664 883 711 ut
938 659 1306 729 appareant,
1360 655 1516 710 sicut
1554 651 1733 710 corde
1771 657 1830 706 et
1871 649 2089 707 sinceri
2126 653 2188 706 et
2211 646 2363 724 justi
2397 648 2546 719 sint,
2594 652 2701 704 aut

572 760 730 816 sicut
777 773 852 814 ex
901 756 1038 830 ipsa
1086 755 1431 811 sinceritate
1497 762 1557 809 et
1609 752 1850 829 justitia
1908 756 2119 825 agant:
2193 747 2471 806 similiter
2521 747 2700 806 debet

573 855 904 933 spiritualis
955 854 1132 913 homo
1183 856 1425 927 vivere,
1484 853 1644 927 quod
1683 858 1885 928 potest
1925 859 2047 908 tam
2089 848 2266 907 facile
2303 866 2482 924 quam
2521 854 2697 905 natu-

574 957 719 1016 ralis
760 957 971 1027 home,
1027 953 1136 1013 sed
1176 972 1310 1013 cuni
1362 953 1492 1012 sola
1533 954 1895 1023 differentia,
1958 949 2117 1027 quod
2151 948 2500 1025 spititualis.
2525 948 2699 1006 homo

577 1058 785 1117 credat
811 1057 1127 1130 Divinum,
1168 1063 1231 1114 et
1267 1055 1426 1131 quod
1465 1057 1698 1112 sincere
1747 1061 1808 1112 et
1838 1053 2004 1128 juste
2042 1034 2186 1126 agat
2220 1068 2338 1108 non
2379 1058 2701 1126 propterea

576 1159 785 1218 solum«
817 1161 958 1234 quia
997 1165 1089 1214 est
1125 1157 1456 1215 secundum
1495 1154 1666 1230 leges
1710 1153 1918 1211 civiles
1948 1160 2010 1210 et
2035 1151 2328 1221 moraleS,
2376 1149 2487 1209 sed
2522 1153 2702 1209 etiam

580 1263 723 1336 quia
785 1269 880 1318 est
927 1257 1257 1317 secundum
1302 1257 1469 1332 leges
1514 1256 1767 1315 Divinas
1775 1274 1805 1333 ,-
1878 1272 2016 1310 nam
2058 1256 2109 1311 is
2158 1254 2303 1327 quia
2345 1250 2420 1309 de
2463 1251 2701 1309 Divinis

574 1364 800 1437 cogitat
831 1378 967 1419 cum
1004 1360 1158 1434 agit,
1211 1357 1610 1416 communicat
1655 1336 1789 1414 cuni
1828 1354 2059 1430 angelis
2098 1353 2279 1422 coeli,
2319 1360 2378 1411 et
2414 1340 2702 1427 quantum

574 1461 639 1519 id
676 1462 852 1530 facit,
893 1460 1271 1535 conjungitur
1307 1458 1459 1525 iuis,
1512 1465 1570 1514 et
1614 1459 1702 1513 sic
1740 1459 2009 1531 aperitur
2034 1458 2304 1512 internus
2342 1454 2474 1530 ejus
2500 1452 2702 1523 homo,

576 1563 678 1637 qui
713 1564 783 1618 in
810 1578 877 1617 se
915 1566 1227 1635 spectatus
1265 1566 1358 1616 est
1393 1557 1726 1633 spiritualis
1761 1556 1972 1630 h0n103
2019 1571 2155 1614 cum
2194 1555 2373 1617 homo
2409 1553 2550 1612 talis
2588 1560 2702 1627 est,

574 1668 716 1719 tunc
756 1661 1078 1736 adoptatur
1122 1667 1182 1718 et
1220 1658 1457 1717 ducitur
1492 1677 1530 1715 a
1568 1658 1860 1730 Domino,
1899 1658 2033 1732 ipso
2070 1659 2412 1729 nesciente,
2463 1660 2525 1712 et
2558 1660 2705 1711 tunc

574 1763 873 1825 sincerum
914 1769 975 1819 et
1010 1762 1276 1837 justum,
1330 1777 1486 1835 quae
1531 1767 1672 1817 sunt
1716 1758 1958 1816 moralis
1997 1763 2059 1815 et
2094 1757 2286 1815 civilis
2324 1753 2707 1830 vitae,„qued

580 1865 731 1940 agit,
792 1880 864 1920 ex
906 1862 1204 1939 spirituali
1248 1863 1475 1937 origine
1515 1863 1669 1934 agit3
1726 1867 1787 1917 et
1826 1875 2007 1934 agere
2044 1861 2341 1916 sincerum
2382 1863 2443 1914 et
2467 1858 2705 1935 justum

581 1982 653 2023 ex
705 1964 1001 2041 spirituali
1046 1965 1302 2038 origine,
1358 1969 1452 2020 est
1495 1960 1557 2019 id
1601 1977 1782 2036 agere
1827 1978 1902 2017 ex
1948 1961 2081 2034 ipso
2131 1962 2366 2017 sincero
2421 1965 2483 2015 et
2515 1956 2705 2033 justo,

579 2082 690 2123 seu
728 2064 787 2121 id
831 2082 1013 2140 agere
1051 2081 1125 2122 ex
1170 2063 1368 2121 corde.
1449 2062 1703 2120 Justitia
1739 2067 1798 2119 et
1834 2062 2146 2119 sinceritas
2186 2060 2315 2136 ejus
2358 2061 2418 2115 in
2455 2065 2708 2115 externa

576 2165 768 2222 forma
806 2170 1059 2243 apparet
1087 2179 1337 2237 prorsus
1378 2162 1588 2219 similis
1623 2163 1898 2238 justitiae
1938 2168 1998 2218 et
2036 2140 2366 2243 sinceritati
2393 2150 2706 2234 apud'na·

579 2262 808 2320 turales
846 2263 1149 2331 homineS‚
1205 2265 1321 2319 imo
1374 2261 1535 2338 apud
1580 2261 1770 2320 malos
1824 2269 1884 2320 et
1938 2260 2296 2334 infernales,
2341 2259 2456 2318 sed
2501 2262 2562 2316 in
2608 2261 2705 2315 in-

576 2370 749 2421 terna
786 2363 975 2421 forma
1011 2358 1147 2420 sunt
1183 2379 1434 2440 prorsus
1476 2362 1824 2437 dissimilem,
1878 2361 2021 2419 mali
2072 2364 2227 2420 enim
2254 2362 2421 2437 juste
2472 2369 2533 2419 et
2576 2361 2708 2417 sin-

578 2481 716 2523 cere
758 2463 949 2522 solum
987 2471 1173 2540 agunt
1221 2470 1469 2541 propter
1514 2481 1580 2522 se
1623 2471 1683 2522 et
1722 2463 2032 2535 mundum,
2084 2468 2453 2539 quapropter
2498 2462 2709 2535 sinon

578 2569 857 2625 timerent
912 2567 1080 2643 leges
1144 2572 1205 2624 et
1262 2582 1523 2642 paenaS,
1599 2574 1723 2624 tum
1779 2567 2079 2643 jacturam
2150 2566 2380 2632 famae,
2439 2562 2712 2631 honoris,

575 2666 729 2725 lucri
766 2673 825 2726 et
863 2671 1041 2738 vitae,
1082 2684 1333 2744 prorsus
1372 2668 1669 2725 insincere
1709 2674 1770 2725 et
1813 2667 2034 2743 injuste
2086 2671 2364 2741 agerent,
2424 2664 2710 2739 quoniam

576 2785 694 2826 non
737 2770 945 2827 timent
993 2768 1227 2838 Deum,
1281 2783 1350 2824 ac
1391 2767 1651 2844 aliquam
1695 2767 1892 2843 legem
1942 2766 2260 2834 Divinam,
2311 2766 2396 2821 ita
2444 2782 2563 2822 non
2611 2771 2712 2823 est

579 2868 823 2943 aliquod
883 2873 1175 2926 internum
1225 2867 1528 2926 vinculum
1585 2867 1747 2943 quod
1798 2867 2055 2942 detinet,
2130 2874 2500 2943 quapropter
2561 2872 2708 2923 tunc

579 2976 868 3044 quantum
904 2976 1171 3044 possent,
1211 2968 1362 3030 alios
1402 2967 1848 3042 defraudarem,
1880 2968 2209 3043 diriperent
2245 2974 2306 3024 et
2348 2966 2702 3046 spoliarent,

579 3073 641 3126 et
680 3067 794 3125 hoc
832 3086 905 3127 ex
944 3068 1241 3145 jucund03
1299 3068 1458 3145 quod
1506 3071 1666 3126 intus
1705 3068 1859 3127 tales
1897 3071 2045 3137 sint,
2108 3075 2364 3144 apparet
2413 3068 2707 3143 imprimis

580 3186 656 3226 ex
709 3167 1001 3227 similibus
1054 3171 1112 3226 in
1167 3169 1358 3228 altera
1409 3171 1560 3242 vita,
1619 3170 1723 3227 ubi
1777 3171 1968 3227 ciiivis
2019 3170 2377 3227 auferuntur
2428 3174 2703 3245 externa,

581 3275 643 3328 et
677 3272 1026 3346 aperiuntur
1064 3272 1328 3341 interna,
1368 3271 1429 3328 in
1467 3270 1683 3350 quibus
1724 3270 1982 3346 denique
2022 3272 2081 3327 in
2119 3277 2426 3340 aeternum
2468 3270 2699 3343 vivunt,

578 3370 854 3430 videatur
889 3363 1076 3448 supr'a
1111 3389 1182 3428 n:
1229 3372 1368 3430 499
1400 3370 1475 3429 ad
1511 3373 1641 3430 511
1665 3414 1681 3443 ‚
1737 3373 1835 3445 qui
1884 3373 2026 3445 quia
2045 3370 2702 3445 fflncaagunt-absque

575 3472 833 3531 vinculis
871 3476 1166 3547 externis,
1234 3489 1390 3547 quae
1439 3478 1604 3547 sunt,
1663 3477 1728 3528 nt
1782 3488 1968 3548 supra
2004 3472 2225 3529 dictum
2269 3477 2391 3545 est,
2454 3474 2703 3529 timores

577 3589 689 3649 pro
730 3572 896 3649 lege,
947 3590 1176 3650 proque
1205 3573 1448 3648 jactura
1485 3573 1720 3642 famae,
1770 3572 2046 3646 honoriS,
2099 3572 2252 3631 lucri
2292 3578 2355 3629 et
2389 3575 2566 3644 vitae,
2604 3573 2703 3628 in-

580 3688 726 3730 sane
764 3682 978 3748 agunt,
1034 3681 1094 3732 et
1140 3672 1217 3731 ad
1264 3676 1666 3732 sinceritatem
1708 3682 1767 3731 et
1806 3673 2103 3749 justitiam
2150 3673 2361 3731 rident.
2444 3671 2542 3730 Ill-i
2587 3689 2704 3729 au-

578 3775 733 3844 tem,
767 3774 867 3846 qui
893 3782 1143 3850 propter
1177 3773 1345 3849 leges
1373 3774 1624 3833 Divinas
1654 3776 1887 3836 sincere
1928 3781 1986 3831 et.
2014 3774 2178 3850 juste
2219 3780 2486 3850 egerunt,
2528 3771 2702 3831 abla-

578 3871 656 3926 tis
695 3873 987 3946 externis,
1065 3881 1125 3932 et
1173 3873 1366 3931 relicti
1405 3877 1688 3951 internis,
1746 3876 2052 3950 sapienter
2090 3881 2303 3950 agunt,
2363 3875 2504 3950 quia
2553 3889 2703 3931 con-

574 3970 771 4046 juncti
806 3978 945 4028 sunt
992 3989 1124 4030 cum
1175 3971 1429 4047 Angelis
1468 3976 1651 4046 coeli,
1714 3993 1750 4033 a
1804 3975 2021 4052 quibus
2068 3977 2539 4034 communicatur
2580 3973 2704 4031 illis

581 4070 896 4146 sapientia.
984 4071 1077 4128 Ex
1110 4071 1204 4129 his
1245 4089 1400 4129 nunc
1433 4077 1688 4147 primum
1729 4081 2005 4134 constare
2041 4081 2272 4152 potest,
2331 4074 2487 4151 quod
2524 4075 2705 4133 homo

579 4170 908 4247 spiritualis
935 4187 1185 4248 prorsus
1225 4171 1495 4229 similiter
1530 4177 1725 4249 possit
1768 4192 1981 4251 agere,
2038 4179 2194 4235 sicut
2235 4176 2411 4234 homo
2448 4182 2701 4233 natura-

579 4272 653 4333 lis
704 4273 899 4350 quoad
949 4274 1183 4334 civilem
1229 4278 1288 4332 et
1331 4273 1616 4333 moralem
1664 4277 1874 4351 vitam,
1931 4279 2106 4338 modo
2163 4252 2364 4355 quoad
2406 4277 2705 4350 internum
