3013 5114
548 429 658 481 110
1161 416 1255 471 DE
1297 416 1532 472 COELO
1574 415 1670 470 ET
1708 413 2041 470 INFERNO.

546 579 713 639 nulla
762 580 818 637 ei
863 584 955 636 est
1000 581 1059 636 in
1108 577 1373 637 secundo
1420 584 1479 637 et
1527 579 1740 653 primo.
1821 576 1991 634 Haec
2037 580 2176 632 sunt
2233 590 2394 650 quae
2445 574 2671 634 intelli-

547 688 769 758 guntur
804 695 916 755 per
949 678 1191 737 Domini
1216 679 1401 737 verba
1431 679 1591 754 apud
1619 678 2010 750 Matthaeum,
2045 673 2235 750 „Qui
2267 675 2339 734 in
2374 679 2529 735 tecto
2556 680 2671 751 est,

544 800 621 841 ne
665 777 1004 839 descendat
1042 777 1130 838 ad
1170 778 1610 859 accipiendum
1648 777 1815 858 quod
1846 783 1941 837 est
1973 776 2045 836 in
2083 773 2268 834 domo
2314 792 2473 836 sua.-
2516 782 2576 836 et
2609 776 2675 836 ie

545 880 659 961 qui
684 880 755 940 in
789 898 947 958 ayro
986 884 1110 954 est,
1163 899 1240 940 ne
1263 884 1621 941 revertatur
1658 884 1824 940 retro
1863 876 1953 938 ad
1979 875 2417 954 accipiendum
2443 883 2675 937 vestem

552 983 808 1055 euam,“
848 980 1095 1040 XXIV:
1144 986 1251 1040 17.
1297 983 1407 1040 18.
1489 981 1567 1039 Et
1602 981 1763 1057 apud
1790 980 2035 1049 Lucam,
2096 976 2224 1052 „In
2259 973 2376 1036 illo
2418 976 2523 1037 die
2562 976 2677 1056 qui

548 1083 619 1143 in
654 1088 809 1142 tecto
832 1081 1074 1160 fuerit,
1114 1087 1175 1141 et
1209 1100 1369 1142 vasa
1398 1072 1536 1163 ejus
1571 1081 1641 1141 in
1681 1079 1895 1152 domo,
1934 1097 2011 1138 ne
2049 1077 2388 1138 descendat
2420 1077 2511 1137 ad
2547 1075 2672 1139 tol-

549 1181 806 1244 lendum
852 1201 958 1242 ea.-
1022 1189 1082 1242 et
1140 1182 1252 1262 qui
1294 1183 1365 1242 z‘n
1408 1201 1599 1261 ayro,
1678 1199 1804 1241 non
1853 1184 2211 1240 revertatur
2246 1177 2336 1238 ad
2365 1184 2521 1259 post
2566 1198 2673 1241 se:

547 1288 910 1344 mementote
952 1282 1184 1344 uxoris
1224 1281 1449 1357 Loti,“
1504 1282 1718 1341 XVII:
1765 1284 1873 1340 31.
1919 1283 2028 1340 32.

710 1386 868 1442 209.
922 1384 1058 1443 Non
1085 1384 1260 1443 datur
1294 1384 1553 1442 influxus
1585 1401 1618 1441 e
1657 1382 1857 1442 Coelis
1891 1381 2271 1441 inferioribus
2300 1383 2361 1439 in
2396 1383 2675 1456 superio-

551 1502 686 1555 reS,
748 1485 889 1560 quia
922 1484 1035 1543 hoc
1072 1489 1280 1544 contra
1315 1485 1583 1542 ordinem
1620 1491 1748 1553 est,
1808 1483 1918 1542 sed
1956 1500 1987 1542 e
2032 1483 2216 1542 coelis
2258 1483 2672 1558 superioribus

544 1589 606 1644 in
652 1585 1001 1643 inferiores:
1083 1585 1318 1643 excedit
1361 1587 1544 1643 etiam
1593 1587 1890 1661 sapientia
1943 1583 2292 1660 angelorum
2339 1585 2668 1659 superioris

551 1685 720 1745 Coeli
772 1687 1128 1760 sapientiam
1175 1686 1526 1762 angelorum
1581 1686 1915 1756 inferioris,
1969 1686 2126 1743 sicut
2177 1686 2398 1761 myrias
2451 1702 2669 1744 unum:

550 1803 702 1862 quae
748 1786 923 1844 etiam
962 1793 1053 1845 est
1083 1803 1297 1861 causa,
1339 1786 1500 1863 qnod
1535 1787 1734 1863 angeli
1766 1786 2065 1844 inferioris
2095 1786 2249 1844 coeli
2281 1802 2402 1843 non
2435 1789 2675 1861 possint

549 1887 716 1964 loqui
776 1903 908 1944 cum
963 1887 1191 1963 angelis
1235 1888 1598 1964 superioria,
1668 1890 1785 1947 imo
1832 1905 1965 1946 cum
2013 1893 2289 1962 spectant
2334 1885 2510 1957 illuc,
2553 1904 2674 1946 non

544 1988 753 2046 vident
803 1987 971 2057 illos,
1036 1996 1289 2064 apparet
1321 1986 1597 2047 ⁴Coelum
1642 1989 1881 2048 illorum
1928 1989 2083 2046 sicut
2134 1987 2470 2045 nimbosum
2529 1987 2671 2064 quid

543 2105 728 2164 supra
769 2095 979 2163 caput3
1038 2095 1099 2146 at
1147 2090 1346 2164 angeli
1400 2091 1729 2164 superioris
1784 2088 1939 2147 coeli
1984 2095 2243 2165 possunt
2289 2088 2494 2147 videre
2529 2089 2666 2147 illos

545 2189 647 2263 qui
682 2190 743 2244 in
777 2189 1041 2247 infcriori
1085 2189 1254 2247 coelo
1295 2195 1461 2262 sunt,
1519 2190 1628 2249 sed
1681 2208 1800 2247 non
1851 2188 1994 2247 licet
2043 2191 2275 2248 sociare
2331 2206 2671 2248 sermonem

544 2305 680 2347 cum
729 2287 874 2363 illis,
947 2291 1065 2347 nisi
1116 2305 1250 2347 cum
1289 2290 1530 2366 jactura
1582 2291 1916 2367 sapientiae
1968 2306 2153 2361 suae,
2225 2297 2293 2348 ut
2335 2280 2525 2367 supra
2573 2289 2668 2348 di-

543 2396 703 2448 ctum
750 2395 859 2449 est.

700 2494 862 2551 210.
935 2491 1339 2570 Cogitationes
1380 2498 1441 2551 et
1485 2491 1869 2564 affectiones,
1922 2499 2046 2551 tum
2099 2508 2407 2552 sermones
2456 2492 2668 2569 Ange-

543 2595 738 2653 lorum
782 2596 972 2653 intimi
1009 2594 1179 2654 Coeli
1215 2609 1514 2670 nusquam
1540 2598 1949 2671 percipiuntur
1974 2597 2035 2653 in
2061 2594 2254 2653 medio
2288 2592 2487 2668 Coe10,
2529 2596 2674 2671 quia

547 2701 780 2753 tantum
816 2696 1276 2766 transcendunt,
1321 2696 1459 2769 scd,
1508 2713 1642 2754 cum
1679 2697 1934 2755 Domino
1970 2695 2361 2771 beneplacet,
2417 2703 2675 2772 apparet

544 2795 684 2854 inde
721 2798 877 2854 sicut
924 2797 1262 2855 flammeum
1301 2795 1441 2872 quid
1476 2799 1537 2853 in
1588 2796 1969 2855 inferioribus
2009 2796 2239 2871 CocliS,
2296 2802 2357 2855 et
2407 2814 2562 2872 quae
2608 2797 2673 2856 in

546 2894 744 2954 medio
782 2895 965 2954 Coelo
1006 2907 1074 2955 ut
1117 2896 1381 2954 lucidum
1419 2896 1562 2971 quid
1595 2898 1655 2954 in
1692 2898 1902 2956 ultimo
1942 2898 2154 2969 Coelo,
2212 2905 2272 2955 et
2313 2898 2672 2973 quandoque

547 3002 615 3053 ut
659 2995 848 3053 nubes
891 2996 1144 3054 candida
1181 3003 1240 3055 et
1276 2996 1697 3073 diversicolor3
1754 3015 1829 3057 ex
1872 2999 2033 3057 nube
2079 2997 2212 3072 illa,
2283 2997 2413 3074 ejus
2453 3015 2670 3056 ascen-

551 3112 654 3169 su,
696 3096 1025 3166 descensu,
1064 3103 1125 3156 et
1158 3096 1350 3155 forma
1384 3099 1651 3156 noscitur
1681 3115 1916 3175 quoque
1946 3099 2380 3176 aliquantisper
2414 3098 2558 3176 quid
2589 3098 2678 3157 ibi

544 3196 886 3272 loquuntur.

706 3301 867 3356 211.
942 3298 1033 3356 Ex
1078 3297 1172 3357 his
1221 3304 1499 3358 constare
1549 3307 1783 3377 potest,
1856 3302 2050 3378 qualis
2104 3303 2294 3361 forma
2346 3300 2498 3361 coeli
2556 3307 2668 3376 est,

549 3400 709 3477 quod
762 3416 976 3475 nempe
1031 3400 1091 3457 in
1142 3402 1347 3459 intimo
1404 3397 1587 3460 Coelo
1638 3405 1899 3461 omnium
1954 3403 2394 3479 perfectissima
2442 3404 2558 3471 sit,
2610 3404 2675 3461 in

545 3502 742 3560 medio
783 3500 966 3560 Coelo
1006 3501 1185 3559 etiam
1231 3502 1506 3578 perfecta
1549 3502 1660 3561 sed
1707 3504 1767 3560 in
1804 3503 2069 3562 inferiori
2108 3503 2330 3580 gradu,
2379 3510 2439 3563 et
2476 3505 2535 3561 in
2569 3501 2671 3561 ul-

544 3602 688 3660 timo
723 3603 784 3659 in
830 3603 1024 3662 adhuc
1072 3604 1362 3679 inferiori3
1421 3609 1481 3662 ct
1519 3603 1678 3679 quod
1727 3606 1904 3662 unius
1943 3604 2096 3663 coeli
2129 3605 2320 3662 forma
2356 3604 2431 3662 ab
2478 3604 2675 3662 altera

542 3718 654 3778 per
688 3702 970 3761 influxum
1006 3720 1043 3760 a
1084 3705 1339 3762 Domino
1394 3703 1702 3762 subsistat.
1792 3703 1913 3763 Sed
1964 3705 2159 3780 qualis
2212 3705 2670 3763 communicatio

542 3818 654 3877 per
689 3802 973 3861 influxum
1010 3810 1132 3878 est,
1184 3822 1303 3863 non
1341 3804 1764 3880 comprehendi
1802 3810 2040 3881 potest,
2102 3806 2215 3863 nisi
2253 3807 2479 3863 sciatur
2516 3821 2674 3881 qua-

540 3900 633 3977 les
670 3911 810 3960 sunt
844 3902 1065 3979 gradus
1102 3903 1454 3982 altitudiniS,
1496 3914 1556 3963 et
1591 3922 1748 3981 quae
1784 3905 2022 3963 illorum
2059 3906 2350 3982 graduum
2388 3906 2670 3964 differen-

540 4003 628 4061 tia
674 4008 766 4060 est
827 4021 864 4060 a
929 4002 1213 4079 gradibus
1265 4003 1652 4080 longitudinis
1700 4012 1761 4065 et
1804 4005 2171 4083 latitudinis3
2238 4007 2448 4082 quales
2482 4006 2572 4065 illi
2612 4012 2677 4065 et

538 4101 604 4161 hi
638 4102 860 4179 gradus
897 4108 1067 4175 sunt,
1134 4103 1410 4162 videatur
1444 4123 1512 4163 n:
1558 4107 1671 4165 38.

699 4205 861 4262 212.
927 4202 1105 4278 Quod
1143 4203 1396 4263 formam
1448 4204 1617 4264 Coeli
1655 4208 1718 4264 in
1764 4209 1971 4284 specie
2021 4210 2354 4283 concernit,
2412 4216 2472 4268 et
2509 4223 2668 4284 quo-

537 4302 714 4364 modo
751 4302 917 4365 vadit
958 4310 1020 4364 et
1054 4304 1211 4382 fluit,
1256 4305 1372 4365 hoc
1396 4306 2000 4386 incomprehensibile
2039 4315 2133 4369 est
2171 4311 2351 4369 etiam
2377 4307 2632 4385 Angelis
2653 4326 2672 4385 3
