3013 5114
585 417 695 466 276
1190 404 1282 458 DE
1327 402 1562 462 OOELO
1604 402 1698 458 ET
1734 401 2070 460 INFERNO.

587 581 804 643 nempe
841 567 947 638 sit,
1006 565 1163 641 quod
1208 566 1404 622 omnia
1449 570 1571 623 tam
1608 570 1743 623 acta
1789 582 1967 641 quam
2022 565 2282 640 cogitata
2331 563 2438 623 toti
2487 564 2712 625 homini

585 667 871 742 inscripta
909 667 1058 737 sint,
1113 672 1172 724 et
1209 666 1366 741 quod
1404 670 1737 742 appareant
1781 669 1936 726 sicut
1970 667 2030 723 in
2076 665 2227 724 libro
2264 664 2425 724 lecta
2461 681 2597 724 eum
2634 684 2713 726 ex

586 768 873 826 memoria
926 774 1283 841 evocantur,
1343 773 1403 825 et
1455 769 1614 826 sieut
1662 769 1722 825 in
1778 767 1972 843 effigie
2025 768 2185 842 visa,
2274 783 2407 824 cum
2459 767 2710 843 spiritus

586 874 896 945 spectatur
930 869 990 925 in
1030 868 1164 927 luce
1195 867 1381 927 Coeli.
1470 868 1584 925 His
1621 867 1881 944 adjicere
1918 867 2096 927 velim
2133 866 2360 943 aliquid
2405 884 2703 926 memora-

583 969 704 1028 bile
742 969 814 1027 de
852 971 1138 1027 memoria
1170 968 1425 1027 hominis
1475 974 1615 1044 post
1662 975 1913 1028 mortem
1961 977 2340 1038 remanente,
2401 985 2512 1044 per
2548 968 2712 1044 quod

585 1070 966 1130 confirmatus
1005 1088 1170 1144 sum,
1228 1070 1389 1146 quod
1423 1088 1544 1130 non
1579 1069 1755 1129 modo
1792 1072 2159 1145 communia,
2210 1069 2323 1128 sed
2363 1071 2543 1128 etiam
2578 1070 2708 1131 sin-

585 1171 997 1248 gularissima,
1052 1188 1205 1249 quae
1255 1174 1600 1230 memoriam
1649 1174 2054 1242 intraverunt,
2111 1176 2534 1247 permaneant,
2599 1187 2713 1231 nec

585 1289 840 1351 usquam
878 1272 1266 1332 obliterentur
1286 1292 1301 1347 3
1358 1274 1472 1330 visi
1508 1272 1650 1328 mihi
1686 1279 1826 1330 sunt
1859 1270 1997 1331 libri
2034 1288 2168 1331 cum
2205 1272 2522 1349 seripturis
2564 1270 2711 1329 inibi

566 1376 743 1432 ·siout
791 1374 850 1432 in
899 1373 1147 1448 mundo,
1217 1380 1276 1432 et
1323 1366 1860 1442 insti-nictus‘mtm,
1927 1373 2087 1450 quod
2136 1373 2253 1432 sint
2300 1389 2374 1431 ex
2425 1374 2715 1432 memoria

589 1492 793 1533 eorum
827 1477 927 1549 qui
963 1477 1354 1550 scripserunt,
1410 1481 1467 1532 et
1497 1473 1657 1548 quod
1684 1473 1766 1532 ibi
1801 1491 1919 1531 non
1951 1474 2151 1550 aliqua
2178 1493 2296 1532 vox
2334 1472 2509 1550 desit,
2551 1490 2710 1551 quae

584 1575 695 1633 fuit
730 1576 788 1632 in
825 1574 976 1632 libro
1014 1575 1089 1633 ab
1129 1575 1339 1634 eodem
1376 1577 1602 1650 scripto
1639 1577 1698 1633 in
1735 1575 1954 1634 mundo
1967 1594 1981 1650 3
2043 1581 2101 1633 et
2150 1574 2307 1651 quod
2343 1576 2428 1633 ita
2464 1591 2536 1633 ex
2573 1590 2708 1634 me-

583 1677 774 1733 moria
802 1674 1047 1733 alterius
1087 1676 1356 1752 depromi
1398 1679 1636 1753 possint
1674 1678 1932 1735 omnium
1965 1675 2472 1753 singularissima,
2527 1677 2711 1736 etiam

588 1793 742 1852 quae
793 1778 925 1852 ipse
969 1778 1030 1834 in
1081 1777 1297 1834 mundo
1349 1777 1568 1836 oblitus
1626 1783 1749 1837 est:
1821 1793 2010 1835 causa
2065 1780 2240 1836 etiam
2302 1777 2539 1836 detecta
2594 1784 2707 1853 est,

587 1877 749 1953 quod
783 1895 999 1954 nempe
1040 1879 1260 1937 homini
1298 1882 1376 1938 sit
1417 1881 1703 1937 memoria
1741 1884 1988 1936 externa
2026 1883 2085 1938 et
2132 1880 2396 1953 interna,
2462 1884 2716 1937 externa

587 1996 741 2054 quae
780 1979 1066 2038 naturalis
1117 1981 1248 2057 ejus
1283 1979 1570 2052 hominiS,
1630 1996 1701 2039 ae
1735 1981 1968 2038 interna
2005 1997 2158 2054 quae
2196 1979 2527 2055 spiritualis
2576 1979 2711 2056 ejus

582 2080 856 2155 hominis;
897 2087 957 2138 et
999 2081 1158 2157 quod
1193 2081 1430 2156 singula
1473 2098 1626 2154 quae
1671 2082 1848 2139 homo
1885 2082 2189 2157 cogitavit,
2234 2079 2441 2155 voluit,
2479 2079 2705 2157 loquu-

582 2186 681 2237 tus
721 2186 841 2252 est,
882 2181 1040 2254 fecit,
1081 2183 1258 2239 etiam
1298 2197 1452 2257 quae
1491 2181 1717 2239 audivit
1755 2187 1815 2240 et
1859 2181 2023 2256 vidit,
2071 2182 2391 2242 memoriae
2434 2184 2710 2242 internae

584 2295 692 2337 seu
736 2279 1033 2355 spirituali
1088 2280 1217 2356 ejus
1272 2283 1563 2358 inscripta
1612 2283 1733 2339 sint
1777 2277 1884 2362 (l);
1956 2287 2016 2340 et
2071 2282 2229 2359 quod
2277 2281 2382 2340 illa
2418 2299 2574 2359 quae
2624 2282 2714 2343 ibi

583 2395 877 2456 nusquam
917 2380 1260 2455 deleantur,
1328 2385 1611 2459 quoniam
1661 2382 1839 2441 simul
1874 2384 2162 2460 inscripta
2198 2391 2335 2442 sunt
2370 2385 2487 2460 ipsi
2522 2384 2708 2460 spiri-

582 2483 697 2556 tui,
770 2490 829 2541 et
879 2482 1009 2561 ejus
1041 2485 1332 2561 ‘corporis
1381 2483 1690 2559 membriS,
1747 2490 1814 2543 ut
1855 2501 2040 2561 supra
2082 2484 2304 2543 dictum
2345 2489 2465 2561 est3
2523 2486 2709 2544 etsie

590 2585 748 2660 quod
781 2586 1033 2662 spiritus
1071 2585 1403 2645 seeundum
1443 2587 1704 2662 cogitata
1752 2591 1811 2644 et
1861 2592 1998 2644 acta
2032 2602 2181 2644 suae
2217 2586 2543 2645 voluntatis
2579 2586 2709 2646 for-

586 2691 782 2744 matus
836 2688 942 2744 sit:
1000 2687 1122 2745 scio
1176 2686 1336 2762 quod
1375 2686 1528 2746 haee
1570 2693 1636 2744 ut
1679 2685 1986 2764 paradoxa
2041 2695 2405 2763 appareant,
2462 2694 2521 2746 et
2569 2687 2712 2746 inde

585 2788 688 2846 vix
725 2786 1069 2862 credantur,
1109 2787 1218 2846 sed
1256 2804 1448 2864 usque
1486 2804 1632 2846 vera
1667 2793 1824 2846 sunt.
1897 2787 1989 2847 Ne
2027 2788 2230 2863 itaque
2268 2787 2474 2847 eredat
2507 2788 2709 2862 hom0,

736 3019 807 3083 (l)
852 3017 1015 3083 Quod
1049 3019 1224 3072 binae
1260 3021 1580 3074 Memoriae
1613 3021 1833 3073 homini
1869 3021 2012 3084 sint,
2058 3022 2316 3074 exterior
2342 3031 2399 3074 et
2433 3020 2707 3086 interior,

583 3111 684 3148 seu
727 3094 1003 3148 naturalis
1046 3105 1103 3147 et
1145 3095 1496 3166 spiritualis,
1542 3114 1609 3147 n:
1655 3104 1803 3157 2469
1840 3096 1913 3149 ad
1947 3104 2116 3157 2492.
2193 3097 2363 3174 Quod
2388 3098 2561 3151 homo
2586 3116 2709 3152 non

582 3171 725 3223 sciat
766 3170 920 3242 quod
964 3170 1014 3222 ei
1061 3170 1345 3223 Memoria
1388 3172 1640 3224 interior
1682 3173 1786 3233 sit,
1843 3191 1910 3225 n:
1954 3181 2121 3234 2470.
2164 3181 2333 3234 2471.
2416 3173 2705 3239 Quantum

581 3247 861 3300 memoria
904 3246 1154 3300 interior
1206 3247 1452 3300 excellet
1504 3249 1814 3311 exteriori,
1879 3266 1945 3299 nz
1991 3257 2161 3310 2473.
2245 3250 2414 3323 Quod
2455 3268 2602 3323 quae
2645 3253 2708 3305 in

582 3324 863 3378 memoria
907 3323 1198 3378 exteriore
1241 3333 1403 3388 sunt,
1470 3323 1528 3375 in
1569 3323 1697 3377 luce
1751 3324 1948 3378 mundi
2005 3327 2149 3391 sint,
2212 3320 2360 3398 quae
2412 3337 2604 3380 autern
2645 3328 2709 3381 in

587 3401 889 3465 interiore,
935 3401 991 3454 in
1034 3401 1162 3453 luce
1190 3399 1375 3463 Coeli,
1420 3418 1486 3451 n:
1535 3407 1702 3459 5212.
1786 3398 1953 3466 Quod
1993 3421 2059 3456 ex
2104 3403 2379 3456 memoria
2421 3404 2709 3458 interiore

585 3478 690 3541 sit,
756 3476 913 3551 quod
966 3478 1139 3530 homo
1195 3476 1667 3529 intellectualiter
1719 3486 1776 3530 et
1816 3479 2182 3532 rationaliter
2223 3480 2408 3550 possit
2446 3481 2709 3552 cogitare

583 3564 643 3607 et
681 3553 880 3626 loqui,
921 3570 990 3609 nx
1035 3559 1201 3614 9394.
1282 3551 1448 3618 Quod
1490 3554 1683 3606 omnia
1725 3564 1781 3607 et
1823 3555 2043 3625 singula
2080 3571 2229 3627 quae
2272 3558 2445 3609 homo
2488 3558 2705 3629 eogita-

578 3629 691 3693 vit‚
740 3630 1015 3702 loquutus
1057 3640 1173 3693 est,
1218 3631 1366 3702 egit,
1412 3640 1469 3683 et
1511 3647 1658 3701 quae
1701 3629 1863 3695 vidit
1890 3640 1947 3683 et
1987 3630 2228 3695 audivit,
2272 3633 2553 3706 inscripta
2590 3635 2712 3686 sint

577 3706 892 3760 memoriae
935 3705 1223 3770 interiori,
1267 3724 1334 3759 n:
1377 3713 1544 3767 2474.
1585 3715 1750 3768 7398.
1833 3706 2001 3785 Quod
2040 3708 2136 3760 illa
2179 3709 2458 3763 memoria
2501 3710 2576 3763 sit
2614 3709 2705 3764 Li-

577 3779 689 3832 ber
728 3781 881 3834 vitae
922 3781 1075 3848 ejus,
1133 3800 1200 3834 n:
1245 3789 1413 3854 2474.
1461 3790 1630 3843 9386.
1677 3790 1843 3845 9841·
1887 3791 2096 3845 10505.
2180 3782 2345 3851 Quod
2387 3786 2445 3837 in
2489 3801 2704 3839 memo·

576 3854 666 3907 ria
709 3855 991 3908 interiore
1034 3857 1149 3909 sint
1190 3875 1327 3910 vera
1356 3874 1502 3929 quae
1544 3860 1694 3912 facta
1730 3869 1861 3913 sunt
1892 3859 2046 3922 fidei,
2091 3871 2147 3913 et
2180 3861 2335 3912 bona
2372 3879 2519 3934 quae
2554 3860 2707 3914 facta

576 3932 825 3995 amoris,
868 3949 934 3983 n:
981 3939 1147 3990 5212.
1190 3939 1360 3993 8067.
1441 3936 1612 4011 Quod
1656 3936 1755 3990 illa
1795 3953 1943 4007 quae
1978 3936 2291 3990 induerunt
2324 3937 2603 4002 habitum,
2648 3947 2709 3991 et

577 4006 729 4059 sacta
768 4016 900 4059 sunt
942 4006 1123 4069 vitae,
1188 4017 1244 4061 et
1300 4026 1405 4079 per
1458 4009 1519 4062 id
1572 4010 1883 4065 obliterata
1941 4012 1997 4063 in
2055 4012 2333 4065 memoria
2387 4013 2705 4078 exteriore,

578 4080 693 4134 sint
726 4080 783 4133 in
816 4081 1094 4134 memoria
1130 4080 1431 4147 interiore,
1474 4102 1544 4137 n:
1590 4094 1758 4148 9394.
1798 4095 1964 4147 9723.
2004 4095 2172 4149 9841.
2256 4086 2418 4152 Quod
2461 4089 2707 4160 spiritus

577 4168 636 4222 et
679 4158 879 4229 Angeli
920 4157 1239 4229 loquantur
1290 4176 1356 4213 ex
1402 4162 1681 4215 memoria
1724 4163 2038 4226 interiore,
2107 4175 2163 4218 et
2205 4165 2371 4235 quod¹
2408 4165 2542 4219 inde
2585 4165 2706 4219 illis
2790 4213 2805 4220 Ἣ

505 4251 510 4256 ·
575 4235 795 4306 Lingua
833 4234 1215 4298 universalis,
1257 4253 1323 4287 n:
1368 4243 1536 4297 2472.
1578 4245 1744 4299 2476·
1789 4245 1957 4301 2490.
2001 4248 2171 4302 2493.
2255 4238 2426 4306 Quod
2468 4242 2705 4314 linguae

495 4357 500 4363 .
580 4311 637 4364 in
679 4310 894 4366 mundo
938 4311 1052 4365 sint
1093 4312 1407 4368 memoriae
1450 4314 1778 4379 exterioriS,
1823 4333 1890 4368 n:
1936 4324 2104 4378 2472.
2149 4322 2318 4378 2476.

1463 4425 1490 4442 s
