3013 5114
555 418 664 471 222
1165 405 1259 459 DE
1302 402 1537 460 COELO
1582 400 1673 456 ET
1712 401 2055 456 INFERNO.

723 569 807 626 37
827 566 880 624 5.
933 563 1369 641 Unusquisque
1394 564 1526 637 scit,
1567 561 1726 639 quod
1764 562 1891 621 bini
1920 562 2207 638 conjuges
2236 561 2337 638 qui
2363 577 2431 620 se
2458 565 2681 634 amant,

557 670 806 728 interius
842 667 994 723 uniti
1029 667 1179 736 sint,
1233 670 1293 724 et
1329 663 1489 741 quod
1538 663 1858 722 essentiale
1897 661 2172 739 Conjugii
2208 663 2287 720 sit
2320 661 2507 720 unitio
2545 663 2679 719 ani-

557 786 786 828 morum
824 783 933 825 seu
973 767 1292 841 mentium;
1346 764 1482 823 inde
1523 780 1760 841 quoque
1811 764 1951 821 seiri
1984 767 2216 840 potest,
2269 761 2429 838 quod
2466 761 2678 838 quales

558 870 739 928 animi
778 884 886 926 seu
924 872 1153 926 mentes
1189 868 1250 925 in
1286 883 1351 924 se
1388 869 1560 935 sunt,
1612 863 1750 923 talis
1777 865 1966 922 unitio
2003 864 2108 938 sit,
2166 868 2226 922 et
2262 844 2501 940 quoque
2537 861 2676 920 talis

559 974 715 1030 inter
750 967 884 1026 illos
923 984 1088 1025 amor
1101 986 1117 1042 3
1155 982 1326 1026 mens
1362 966 1650 1024 formatur
1685 966 1858 1024 unice
1902 982 1977 1023 ex
2014 964 2174 1021 veris
2211 969 2273 1022 et
2303 962 2501 1041 bonis,
2539 979 2680 1020 nam

559 1071 757 1129 omnia
794 1085 947 1144 quae
982 1070 1045 1125 in
1078 1069 1359 1126 universo
1394 1072 1554 1140 sunt,
1592 1082 1658 1125 se
1695 1065 1962 1124 referunt
1990 1062 2068 1122 ad
2092 1063 2315 1131 bonum
2353 1069 2413 1122 et
2447 1080 2676 1137 verum,

560 1177 621 1239 et
672 1185 909 1246 quoque
959 1167 1035 1226 ad
1084 1168 1559 1245 conjunctionem
1614 1183 1849 1234 eorum,
1919 1182 2103 1242 quare
2153 1162 2439 1224 mentium
2490 1165 2681 1224 unitio

560 1286 809 1348 prorsus
846 1269 981 1327 talis
1020 1274 1144 1343 est,
1202 1268 1405 1345 qualia
1440 1272 1581 1325 sunt
1614 1283 1762 1324 vera
1797 1271 1858 1324 et
1891 1265 2051 1324 bona
2087 1283 2160 1323 ex
2198 1264 2416 1341 quibus
2452 1264 2680 1323 forma-

560 1380 658 1430 tae
700 1360 866 1443 sunt,
925 1376 1387 1445 consequenter,
1428 1366 1588 1443 quod
1622 1368 1809 1424 unitio
1845 1368 2160 1436 mentium,
2197 1383 2353 1442 quae
2388 1365 2680 1424 formatae

569 1477 708 1530 sunt
745 1487 818 1528 ex
856 1471 1129 1545 genuinis
1165 1471 1326 1528 veris
1365 1473 1425 1526 et
1463 1467 1667 1542 bonis,
1722 1469 1799 1524 sit
1832 1466 2289 1543 perfectissima.
2359 1463 2681 1525 Sciendum

562 1578 685 1644 est,
748 1569 904 1646 quod
940 1587 1059 1628 non
1097 1568 1321 1645 aliquid
1359 1584 1425 1627 se
1476 1573 1684 1627 mutuo
1726 1567 1865 1644 plus
1913 1574 2103 1640 amet,
2160 1548 2340 1642 quam
2372 1582 2582 1624 verum
2619 1571 2682 1625 et

559 1670 813 1744 bonum,
871 1676 1240 1746 quapropter
1277 1687 1350 1727 ex
1394 1668 1495 1727 illo
1548 1685 1749 1726 amore
1787 1667 2100 1727 descendit
2135 1684 2302 1726 amor
2350 1683 2492 1725 vere
2532 1683 2676 1725 con-

553 1771 801 1849 jugialis
834 1767 950 1852 (0):
1005 1776 1206 1828 amant
1236 1787 1474 1846 quoque
1517 1785 1585 1829 se
1622 1768 1842 1828 falsum
1869 1774 1930 1827 et
1957 1768 2198 1843 malum,
2239 1766 2349 1826 sed
2382 1767 2478 1825 hie
2516 1783 2681 1826 amor

557 1875 813 1931 vertitur
864 1871 999 1930 dein
1033 1872 1095 1927 in
1137 1871 1450 1929 infernum.

720 1974 879 2032 376.
948 1972 1036 2029 Ex
1074 1971 1193 2030 illis
1231 1988 1386 2048 quae
1441 1971 1516 2030 de
1572 1971 1797 2047 origine
1848 1971 2067 2028 amoris
2120 1967 2474 2045 eonjugialis
2522 1984 2680 2027 nune

559 2074 726 2133 dicta
762 2080 929 2146 sunt,
971 2071 1244 2131 concludi
1278 2077 1515 2147 potest,
1554 2073 1795 2146 quinam
1835 2073 1895 2129 in
1923 2086 2125 2128 amore
2162 2067 2485 2146 eonjugiali
2520 2074 2677 2142 sunt,

560 2181 621 2232 et
666 2175 903 2249 quinam
940 2188 1057 2229 non
1094 2178 1262 2230 sunt:
1322 2171 1480 2248 quod
1526 2173 1587 2229 in
1621 2171 1843 2229 Amore
1894 2169 2216 2248 eonjugiali
2261 2171 2408 2242 sint,
2466 2170 2568 2246 qui
2603 2184 2680 2228 ex

556 2273 793 2332 Divinis
846 2271 1025 2329 Veris
1066 2273 1128 2329 in
1162 2271 1379 2329 Divino
1416 2271 1585 2330 Bono
1629 2278 1796 2347 sunt3
1853 2277 1915 2329 et
1950 2270 2111 2347 quod
2146 2270 2329 2328 Amor
2365 2270 2676 2347 conjugia-

555 2372 631 2432 lis
673 2378 900 2431 tantum
948 2373 1241 2448 genuinus
1290 2373 1395 2445 sit,
1469 2378 1756 2448 quantum
1791 2387 1971 2446 vera,
2036 2387 2192 2446 quae
2239 2370 2683 2448 conjunguntur

551 2474 736 2549 bono,
785 2474 976 2551 magis
1006 2474 1268 2550 genuina
1302 2479 1471 2532 sunt:
1530 2480 1590 2531 et
1627 2475 1770 2550 quia
1815 2488 1989 2531 omne
2022 2470 2274 2544 bonum,
2331 2469 2493 2547 quod
2529 2486 2677 2530 eon-

540 2576 816 2653 jungitur
861 2577 1054 2650 veris,
1113 2580 1206 2635 est
1252 2573 1544 2646 Domino,
1599 2577 1871 2651 sequitur
1923 2572 2083 2650 quod
2133 2588 2306 2631 nemo
2353 2573 2416 2631 in
2474 2587 2678 2648 amore

551 2693 695 2734 vere
734 2675 1057 2753 conjugiali
1103 2677 1299 2752 possit
1335 2692 1503 2747 esse,
1556 2678 1674 2735 nisi
1710 2685 2001 2753 agnoscat
2034 2672 2355 2732 Dominum
2393 2689 2463 2732 ae
2497 2672 2697 2742 Divi--

550 2793 694 2834 num
729 2776 963 2852 Ipsius,
1016 2793 1150 2833 nam
1189 2774 1420 2852 absque
1458 2779 1759 2853 agnitione
1793 2775 1900 2834 illa
1944 2776 2241 2837 Dominus
2279 2792 2397 2833 non
2430 2773 2681 2833 influere

547 2881 782 2952 potest,
843 2891 913 2933 ac
951 2876 1230 2951 conjungi
1267 2878 1425 2934 veris
1464 2893 1619 2953 quae
1657 2876 1819 2952 apud
1856 2877 2175 2935 hominem

710 2976 794 3033 37
813 2979 867 3032 7.
950 2974 1061 3032 Ex
1078 2974 1170 3034 his
1205 2981 1408 3051 patet,
1470 2976 1629 3051 quod
1675 2978 1737 3034 in
1789 2994 1991 3035 amore
2029 2975 2348 3053 conjugiali
2384 2991 2501 3033 non
2537 2917 2683 3049 sint,

549 3077 651 3151 qui
686 3076 745 3132 in
781 3073 950 3133 salsis
986 3081 1157 3145 sunt,
1210 3092 1282 3135 ac
1319 3092 1568 3152 prorsus
1616 3094 1735 3134 non
1785 3076 1874 3136 illi
1910 3079 2012 3155 qui
2046 3078 2107 3136 in
2146 3076 2318 3135 falsis
2377 3093 2449 3135 ex
2483 3072 2672 3133 malo:

550 3174 712 3252 apud
753 3189 857 3232 eos
899 3176 1002 3249 qui
1037 3176 1098 3233 in
1139 3175 1298 3234 malo
1335 3182 1472 3234 sunt
1518 3183 1576 3235 et
1618 3178 1756 3236 inde
1796 3179 1857 3236 in
1894 3178 2094 3253 falsis,
2152 3181 2332 3237 etiam
2370 3177 2675 3249 interiora,

550 3292 706 3353 quae
743 3276 991 3349 mentiS,
1044 3275 1289 3335 occlusa
1325 3282 1495 3351 sunt3
1553 3285 1925 3354 quapropter
1956 3278 2103 3337 inibi
2147 3295 2267 3337 non
2303 3277 2432 3335 dari
2471 3280 2677 3353 potest

549 3375 753 3453 aliqua
790 3377 956 3453 origo
1005 3377 1222 3435 amoris
1254 3375 1641 3454 conjugialis,
1698 3373 1805 3437 sed
1838 3380 1993 3437 infra
2027 3378 2133 3437 illa
2167 3381 2228 3437 in
2267 3378 2532 3436 Externo
2561 3391 2674 3435 seu

547 3477 823 3539 Naturali
860 3478 1100 3537 homine
1132 3482 1416 3555 separato
1454 3478 1531 3537 ab
1557 3476 1819 3554 Interno,
1859 3479 2037 3538 datur
2063 3479 2400 3557 conjunctio
2437 3476 2574 3536 falsi
2611 3481 2677 3537 et

704 3647 795 3712 (ο)
911 3646 1029 3701 uod
1082 3646 1278 3701 omnia
1318 3646 1379 3699 in
1430 3646 1708 3699 universo
1756 3654 1874 3698 tam
1915 3644 2098 3699 Coelo
2141 3662 2314 3717 quam
2353 3643 2570 3698 mundo
2610 3643 2674 3697 ἑο

544 3720 859 3775 refer-anta
926 3723 1148 3776 bonum
1187 3733 1245 3777 et
1290 3740 1527 3785 verum,
1568 3740 1642 3777 ιι·
1683 3727 1854 3781 2451.
1892 3728 2059 3782 3166.
2087 3729 2255 3781 4390.
2299 3727 2470 3782 4409.
2499 3726 2669 3781 5232.

545 3803 712 3856 7256.
751 3805 957 3857 10122.
1021 3801 1092 3852 Et
1126 3798 1198 3851 ad
1232 3797 1705 3867 conjunctionem
1744 3796 2069 3869 utriusque,
2112 3813 2179 3849 ιι·
2226 3804 2432 3857 10555.
2501 3793 2672 3861 Quod

544 3871 699 3925 inter
720 3873 938 3925 bonum
966 3883 1248 3927 etverum
1274 3874 1725 3946 sitconjugium,
1760 3886 1831 3927 ιι·
1876 3879 2044 3933 1904.
2081 3880 2253 3933 2173.
2287 3880 2461 3934 2503.
2504 3867 2675 3937 Quod

544 3946 765 3999 bonum
806 3957 990 4011 amet,
1044 3958 1102 4002 et
1142 3965 1210 4001 ex
1243 3964 1442 4002 amore
1482 3949 1778 4004 desideret
1811 3965 2057 4011 verum,
2102 3959 2159 4001 et
2192 3948 2676 4016 conjunctionem

545 4020 672 4090 ejus
704 4039 918 4085 seeum,
960 4033 1020 4075 et
1059 4022 1219 4095 quod
1255 4022 1388 4076 inde
1424 4025 1484 4076 in
1518 4036 1805 4096 perpetuo
1833 4034 2046 4078 conatu
2079 4024 2509 4093 eonjunctionis
2534 4022 2671 4087 sint,

545 4110 618 4150 n:
673 4105 842 4158 9206.
892 4105 1060 4157 9207.
1109 4104 1278 4158 9495.
1362 4098 1533 4174 Quod
1576 4100 1694 4154 vita
1738 4100 1861 4154 veri
1908 4100 1981 4153 sit
2034 4118 2100 4153 ex
2133 4100 2327 4165 bono,
2389 4117 2457 4152 ιι·
2502 4105 2684 4162 1589(

547 4180 713 4234 1997·
749 4179 915 4233 2579·
961 4180 1127 4233 4070-
1176 4180 1347 4233 4096.
1404 4181 1574 4235 4097.
1619 4184 1787 4236 4736·
1845 4182 2013 4236 4757·
2073 4182 2244 4237 4884.
2296 4183 2465 4237 5147.
2502 4182 2671 4236 9667·

545 4249 718 4325 Quod
760 4266 961 4302 verum
997 4250 1071 4302 sit
1098 4248 1287 4303 forma
1313 4249 1477 4315 boni,
1522 4265 1592 4304 ιι.
1638 4258 1806 4313 3049.
1839 4258 2009 4312 3180.
2049 4258 2220 4312 4574.
2247 4259 2418 4313 9154.
2499 4247 2673 4329 Quod

542 4341 750 4380 verum
788 4324 861 4380 ad
886 4326 1107 4379 bonum
1142 4326 1217 4382 sit
1244 4327 1393 4381 sicut
1416 4344 1566 4399 aqua
1592 4328 1664 4381 ad
1696 4344 1927 4399 panem,
1970 4345 2037 4381 ιι·
2082 4335 2250 4389 4976.
