3013 5114
555 380 1016 437 CONJUNC'PIO
1057 382 1271 438 COELI
1313 385 1460 443 CUM
1498 385 1776 442 HOMINE
1816 387 1957 442 PER
2003 389 2307 444 VERBUM.
2390 402 2497 455 171

371 537 601 600 faciunt
638 559 773 600 cum
803 543 1264 619 cogitationibus
1291 543 1569 621 hominio,
1611 548 1750 622 quia
1776 548 2248 623 correspondent
2260 568 2276 624 3
2319 569 2499 611 unum

367 642 599 701 faciunt
633 660 826 718 paene
863 646 1022 703 sicut
1055 660 1237 704 voces
1278 645 1577 721 loquentis
1619 653 1679 705 et
1711 646 2053 706 intellectus
2093 666 2298 708 earum
2335 652 2499 727 apud

370 741 714 801 audientem
746 745 845 821 qui
874 763 992 804 non
1021 746 1274 804 attendit
1301 746 1379 811 ad
1405 763 1588 806 voces
1625 747 1734 806 sed
1769 747 1961 806 solum
2001 749 2077 806 ad
2110 749 2499 811 intellectum.

369 3740 492 3749 ——m

514 3836 644 3901 (dd)
709 3835 874 3902 Quod
916 3839 1209 3909 Aegyptus
1253 3845 1311 3887 et
1353 3832 1666 3905 Aegyptius
1723 3831 1782 3883 in
1822 3832 2026 3885 Verbo
2070 3832 2354 3903 significet
2393 3851 2490 3885 na·
2545 3871 2580 3893 —.

359 3914 578 3977 tut-ale,
623 3923 681 3966 et
725 3914 857 3967 inde
900 3912 1302 3974 scientificum,
1346 3929 1414 3965 na
1461 3917 1632 3970 4967.
1680 3918 1848 3969 5079.
1896 3917 2060 3971 5080.
2107 3918 2273 3969 5095.
2316 3917 2485 3969 5160.

363 3995 527 4047 5799·
571 3998 743 4075 6015.
787 3998 954 4050 6147.
1001 3996 1170 4049 6252.
1207 3994 1374 4047 7353.
1415 3994 1579 4047 7648·
1620 3993 1786 4047 9340·
1830 3994 1999 4047 9391.
2064 3985 2234 4075 Quod
2262 3986 2490 4072 Aschuf·

361 4062 645 4133 significet
681 4067 1002 4129 rationale,
1057 4082 1124 4116 n:
1175 4072 1303 4125 119.
1352 4071 1520 4124 1186.
1605 4060 1766 4127 Quod
1822 4063 2001 4116 Israel
2056 4061 2337 4135 significet
2377 4078 2490 4131 spn-

359 4138 603 4205 rituale,
664 4160 734 4195 n:
801 4150 971 4202 5414.
1026 4149 1192 4201 5801·
1255 4148 1420 4201 5803.
1467 4146 1636 4200 5806.
1684 4147 1851 4199 5812.
1898 4147 2065 4200 5817.
2111 4146 2277 4199 5819·
2321 4144 2489 4196 5826.

362 4222 531 4274 5833.
577 4226 744 4278 5879.
791 4228 960 4280 5951.
1007 4226 1176 4279 6426.
1221 4225 1394 4277 6637.
1441 4224 1612 4276 6862.
1669 4224 1835 4276 6868·
1895 4224 2062 4276 7035.
2110 4223 2275 4275 7062·
2322 4220 2489 4272 7198·

360 4298 528 4353 7201.
578 4303 743 4355 7215.
791 4302 1167 4355 7223·“7956.
1217 4302 1384 4355 8234.
1432 4299 1598 4353 8805·
1646 4299 1809 4353 9340-
2240 4310 2244 4316 ·
