3013 5114
453 415 544 468 DE
587 414 1135 473 CONJUNOTIONE
1178 418 1388 474 COELI
1429 420 1577 476 CUM
1615 420 1923 481 HUMANO
1968 412 2274 484 GENERE.
2373 438 2488 507 163¹

356 577 537 635 etiam
591 583 883 652 reguntur
937 579 1246 655 animalia,
1336 581 1476 655 quia
1551 579 1701 640 haec
1756 584 1817 641 in
1869 583 2073 643 ordine
2120 601 2268 645 suae
2317 590 2481 657 {itae

354 682 522 749 sunt,
576 694 686 735 nec
730 678 898 736 illum
934 686 1259 755 potuerunt
1295 686 1641 756 pervertere
1680 688 1741 742 et
1777 682 2114 759 destruere,
2180 682 2320 763 quia
2356 687 2475 748 illis

350 795 470 837 non
504 778 797 838 rationale
829 776 938 861 (y).
1023 779 1216 856 Quale
1253 781 1572 840 discrimen
1599 784 2050 860 interdiomines
2088 793 2148 845 et
2171 789 2326 847 inter
2361 788 2473 848 be-

356 881 535 952 stias,
590 880 869 939 videa-tur
904 897 1092 957 supra
1127 900 1194 941 n:
1239 885 1350 941 39.

515 982 675 1039 297.
733 980 931 1057 Quod‘
944 999 1121 1057 porro
1165 983 1641 1060 conjunctionem
1669 972 2013 1044 -Coelffum
2049 987 2326 1047 Humano
2362 1007 2475 1066 ge-

355 1097 500 1140 nere
538 1082 872 1154 concernit,
913 1083 1222 1142 sciendum
1261 1090 1354 1142 est
1389 1085 1551 1161 quod
1584 1085 1726 1162 Ipse
1756 1085 2049 1151 Dominus
2082 1089 2290 1148 influat
2316 1089 2479 1166 apud

282 1238 287 1243 .
356 1183 815 1258 unumquemvis
856 1181 1155 1243 hominem
1204 1185 1533 1244 secundum
1580 1186 1845 1246 ordinem
1882 1189 2064 1260 coeli,
2120 1195 2242 1246 tam
2284 1192 2345 1247 in
2381 1192 2475 1247 in-

350 1278 664 1361 timaejus
707 1301 885 1358 quam
914 1286 982 1342 ‘in
1012 1284 1218 1344 ultima
1250 1286 1399 1361 ejus,
1442 1294 1502 1346 et
1538 1287 1818 1363 disponat
1852 1287 2019 1346 illum
2058 1288 2134 1346 ad
2175 1292 2476 1366 recipien-
2587 1368 2590 1369 ⁷

353 1383 496 1442 dum
532 1383 797 1456 coelum,
856 1392 915 1442 et
954 1392 1124 1461 regat
1173 1385 1382 1444 ultima
1430 1388 1561 1464 ejus
1612 1387 1686 1445 ab
1735 1390 1957 1446 intimis
2007 1389 2136 1466 ejus
2191 1396 2251 1448 et
2296 1391 2476 1449 simul

351 1486 561 1563 intima
596 1484 930 1544 aab-ultimis
961 1485 1123 1562 ejuS,
1167 1495 1226 1546 et
1259 1489 1346 1546 sic
1375 1491 1677 1547 contineat
1711 1490 1909 1547 omnia
1946 1498 2006 1548 et
2040 1489 2279 1567 singula
2314 1491 2479 1567 apud

353 1584 621 1645 illumin
666 1603 858 1660 nexu3
914 1585 1011 1645 hic
1055 1586 1323 1646 Influxus
1360 1589 1605 1646 Domini
1653 1597 1902 1649 vocatur
1950 1589 2220 1652 Influxus
2258 1593 2473 1650 imme-

354 1685 583 1758 diatus,
638 1686 793 1745 alter
828 1704 971 1745 vero
1018 1686 1317 1756 InfluxuS,
1373 1691 1473 1764 qui
1509 1689 1574 1746 fit
1608 1707 1718 1764 per
1755 1692 2032 1766 spirituS‚
2089 1697 2337 1750 vocatur
2370 1690 2478 1750 In-

351 1787 550 1845 fluxus
584 1787 912 1856 mediatae,
948 1788 1043 1846 hic
1080 1787 1354 1846 subsistit
1380 1806 1490 1864 per
1525 1789 1724 1848 illum:
1779 1789 2046 1849 Influxus
2074 1793 2477 1862 immediatuS,

355 1889 458 1964 qui
500 1895 595 1946 est
629 1885 831 1965 Ipsius
868 1888 1112 1946 Domini
1125 1889 1174 1963 ,’
1201 1895 1295 1946 est
1336 1906 1410 1947 ex
1445 1889 1667 1947 Divino
1703 1890 1981 1948 Humano
2018 1890 2250 1968 Ipsius,
2293 1898 2354 1951 et
2383 1899 2480 1951 est

351 1990 413 2046 in
448 1987 818 2047 voluntatem
865 1987 1119 2046 hominis
1171 1996 1231 2047 et
1263 2006 1374 2064 per
1408 1989 1778 2051 voluntatem
1813 1992 1874 2048 in
1917 1990 2288 2050 intellectum
2326 1991 2478 2069 ejus,

352 2091 440 2147 ita
472 2091 535 2147 in
568 2087 788 2148 bonum
823 2087 1102 2167 hominis,
1144 2095 1203 2147 et
1236 2107 1347 2165 per
1382 2074 1606 2148 bonum
1641 2094 1701 2149 in
1740 2108 1946 2149 verum
1984 2092 2134 2167 ejus,
2175 2108 2286 2149 seu
2318 2091 2480 2168 quod

347 2189 540 2263 idem,
577 2191 639 2248 in
676 2206 938 2249 amorem
968 2197 1029 2248 et
1060 2207 1170 2266 per
1205 2207 1467 2250 amorem
1495 2193 1556 2248 in
1581 2191 1757 2250 fidem
1796 2192 1944 2268 ejuS,
1993 2209 2111 2250 non
2140 2199 2344 2251 autem
2380 2194 2474 2251 vi-

350 2291 583 2366 cissim,
637 2291 833 2349 minus
868 2293 929 2348 in
966 2291 1145 2350 fidem
1181 2291 1408 2368 absque
1449 2310 1684 2360 amore,
1738 2298 1843 2350 aut
1891 2294 1953 2350 in
1991 2310 2200 2352 verum
2243 2293 2476 2369 absque

351 2390 542 2465 bono,
598 2398 701 2449 aut
738 2394 795 2449 in
839 2392 1206 2451 intellectum
1252 2394 1352 2468 qui
1393 2411 1512 2451 non
1550 2400 1644 2451 est
1692 2410 1766 2451 ex
1803 2391 2129 2451 voluntate.
2219 2392 2479 2453 Divinus

355 2491 460 2550 ille
494 2491 763 2551 Influxus
801 2499 895 2551 est
929 2498 1292 2569 perpetuus,
1349 2500 1410 2551 et
1443 2495 1731 2570 recipitur
1775 2476 1835 2551 in
1878 2491 2034 2550 bono
2072 2491 2235 2570 apud
2269 2492 2477 2568 bon08,

354 2610 472 2653 non
513 2599 711 2653 autem
750 2594 911 2670 apud
948 2593 1170 2664 malea,
1225 2593 1387 2670 apud
1432 2594 1545 2653 hos
1594 2594 1688 2652 vel
1725 2594 2023 2671 rejicitur,
2080 2592 2180 2653 vel
2216 2592 2479 2651 suffoca·
2565 2673 2576 2684 ὖ

353 2703 469 2770 tur,
506 2694 609 2754 vel
641 2696 1034 2771 pervertitur,
1074 2694 1212 2753 inde
1250 2694 1343 2753 his
1389 2697 1515 2751 vita
1556 2695 1716 2753 mala
1756 2701 1847 2753 est
1883 2711 2036 2769 quae
2077 2695 2133 2751 in
2179 2692 2482 2770 spirituali

350 2811 538 2855 sensu
575 2801 670 2855 est
702 2811 863 2856 mors
896 2791 1000 2876 (z).
1398 2801 1409 2811 ·

512 3029 597 3096 (y)
643 3025 808 3093 Quod
851 3026 1165 3081 discrimen
1208 3029 1362 3083 inter
1402 3029 1665 3082 homines
1708 3041 1767 3084 et
1797 3030 2012 3086 bestias
2047 3031 2139 3093 sit,
2184 3029 2343 3102 quod
2382 3029 2480 3082 ho·

357 3102 543 3156 mines
587 3104 811 3174 possint
853 3105 1068 3158 elevari
1112 3122 1143 3157 a
1184 3107 1436 3158 Domino
1477 3105 1548 3157 ad
1578 3107 1683 3168 Se,
1729 3116 1787 3159 et
1826 3108 2085 3179 cogitare
2128 3105 2199 3159 de
2242 3103 2480 3167 Divino,

352 3196 547 3232 amare
590 3179 759 3242 Illud,
806 3180 888 3232 sic
923 3180 1197 3252 conjungi
1234 3183 1508 3244 Domine,
1556 3181 1688 3234 inde
1730 3182 1814 3235 eis
1857 3184 1973 3236 vita
2016 3193 2270 3244 aeterna,
2316 3196 2482 3233 secus

356 3266 549 3308 autem
592 3256 835 3318 bestiae,
880 3274 950 3309 n:
996 3265 1164 3317 4525.
1210 3266 1375 3318 6323.
1419 3266 1589 3317 9231.
1673 3257 1836 3322 Quod
1876 3258 2100 3312 bestiae
2141 3258 2255 3309 sint
2290 3255 2349 3307 in
2386 3273 2479 3308 or·

354 3331 492 3385 dine
533 3349 669 3386 suae
711 3333 899 3395 vitae,
962 3343 1020 3385 et
1057 3333 1211 3404 quod
1255 3334 1387 3387 ideo
1430 3344 1740 3388 nascantur
1786 3334 1845 3385 in
1893 3331 2300 3387 convenientia
2345 3347 2482 3383 suae

353 3418 626 3472 naturae,
671 3426 787 3460 non
830 3418 1019 3462 autem
1063 3410 1260 3475 home,
1306 3410 1403 3482 qui
1449 3410 1581 3462 ideo
1627 3427 1732 3479 per
1771 3407 2184 3462 intellectualia
2227 3406 2286 3459 in
2324 3404 2478 3458 ordi-

352 3500 485 3537 nem
523 3485 676 3537 vitac
729 3484 1185 3538 introducendus
1239 3496 1355 3548 est,
1418 3503 1486 3537 n:
1551 3494 1680 3545 637.
1723 3492 1891 3545 5850.
1942 3491 2107 3544 6323.
2189 3478 2356 3546 Quod
2397 3497 2480 3535 se·

358 3560 611 3612 cundum
663 3578 1029 3614 communem
1083 3560 1358 3614 influxum
1410 3560 1576 3613 cadat
1630 3560 1908 3632 cogitatio
1957 3560 2016 3611 in
2074 3558 2368 3630 loquelam
2422 3567 2482 3610 et

355 3636 629 3688 voluntas
672 3637 730 3688 in
770 3647 965 3708 gestus
1005 3637 1160 3708 apud
1201 3638 1528 3699 hominem,
1585 3655 1653 3689 n:
1700 3644 1866 3696 5862.
1898 3643 2068 3696 5990.
2099 3642 2268 3695 6192.
2307 3641 2479 3695 6211.

334 3714 443 3766 ιΠεε
485 3712 777 3765 communi
820 3712 1039 3766 influxu
1078 3713 1281 3766 mundi
1325 3712 1647 3784 spiritualis
1690 3712 1748 3765 in
1802 3712 1950 3766 vitas
1995 3711 2349 3776 bestiarum,
2405 3728 2477 3772 τις

509 3864 594 3929 (z)
637 3863 806 3930 Quod
857 3864 1111 3917 Influxus
1165 3864 1239 3917 sit
1293 3863 1659 3917 immediatus
1709 3882 1742 3917 a
1795 3865 2082 3927 Domino,
2147 3874 2205 3917 et
2243 3880 2481 3936 quoque

352 3940 636 3994 mediatus
677 3958 786 4013 per
813 3940 1087 3993 mundum
1118 3939 1515 4012 spiritualem,
1582 3957 1649 3993 n:
1695 3949 1862 4002 6063.
1900 3949 2067 4002 6307.
2104 3947 2274 4003 6472.
2307 3946 2480 4001 9682.

354 4024 526 4075 9683.
606 4016 777 4095 Quod
817 4016 1072 4069 Influxus
1112 4016 1347 4070 Domini
1391 4016 1759 4071 immediatus
1818 4018 1892 4071 sit
1946 4018 2005 4071 in
2066 4017 2322 4070 omnium
2366 4015 2479 4069 sin-

354 4091 745 4163 galat-issima,
803 4111 877 4144 n:
933 4101 1103 4153 6058.
1147 4100 1296 4154 6474
1345 4095 1415 4146 ad
1467 4100 1638 4153 6478.
1682 4102 1853 4155 8717.
1899 4101 2065 4155 8728-
2151 4091 2320 4171 Quod
2364 4093 2478 4144 Do-

351 4167 541 4220 minus
580 4166 778 4223 influat
818 4168 876 4221 in
916 4169 1103 4239 prima
1145 4180 1202 4222 et
1244 4170 1415 4222 simul
1469 4170 1706 4235 ultima,
1771 4169 2107 4242 quomodo,
2171 4185 2240 4219 n:
2306 4174 2477 4228 5147.

352 4251 520 4304 5150.
564 4252 732 4304 6473.
783 4253 953 4306 7004.
997 4253 1163 4304 7007·
1216 4253 1385 4305 7270.
1479 4246 1654 4322 Quod
1705 4245 1952 4300 influxus
2010 4243 2244 4298 Domini
2304 4242 2381 4295 sit
2420 4243 2480 4294 in

306 4318 566 4372 .b0num
609 4320 763 4392 apud
797 4322 1121 4383 hominem,
1166 4331 1223 4373 et
1264 4339 1372 4393 pcr
1412 4320 1631 4373 bonum
1675 4321 1734 4372 in
1778 4339 2016 4382 verum,
2061 4330 2118 4371 et
2155 4335 2270 4369 non
2306 4316 2474 4369 vicis-

1897 4398 2051 4459 11*
