3013 5114
554 438 665 498 240
1167 425 1263 479 DE
1305 423 1546 508 coELo
1587 423 1683 477 ET
1722 403 2059 479 1NFERNo.

554 596 647 648 ste
686 589 1044 647 consisteret
1078 588 1137 644 in
1176 603 1248 646 eo
1285 586 1498 656 solum,
1538 591 1606 643 ut
1631 584 1950 643 laudarent
1977 590 2037 642 et
2064 581 2443 643 celebrarent
2461 582 2677 659 Deum,

556 697 622 749 et
659 688 821 765 quod
850 705 922 746 ea
959 693 1125 746 esset
1158 690 1283 746 vita
1317 689 1544 763 activa3
1600 685 1710 745 sed
1758 685 1879 743 illis
1917 684 2138 743 dictum
2177 691 2302 760 est,
2357 684 2516 760 quod
2538 683 2677 744 lau-

557 791 701 849 dare
740 795 799 848 et
837 787 1146 848 celebrare
1194 789 1418 858 Deum,
1489 805 1607 846 non
1653 789 1732 845 sit
1775 786 1914 844 talis
1953 787 2078 847 vita
2124 787 2352 862 activa,
2411 791 2472 846 et
2521 785 2681 861 quod

552 891 722 950 Deus
753 907 862 949 nec
900 905 1053 967 opus
1089 889 1311 949 habeat
1350 888 1631 947 laudibus
1670 894 1730 946 et
1767 886 2188 961 celebratione,
2228 887 2340 946 sed
2375 886 2535 964 quod
2569 905 2682 950 ve-

554 992 626 1050 lit
663 997 730 1049 ut
766 996 1077 1067 praestent
1113 1006 1288 1064 usus,
1345 1007 1415 1048 ac
1450 992 1536 1048 ita
1570 989 1730 1048 bona
1767 1005 1920 1064 quae
1948 994 2240 1046 vocantur
2279 988 2440 1047 bona
2476 987 2674 1047 chari·-

554 1095 731 1151 tatis:
788 1091 965 1149 atilli
1002 1108 1117 1149 non
1144 1098 1471 1168 potuerunt
1506 1089 1732 1149 habere
1762 1091 1821 1147 in
1855 1090 2027 1148 bonis
2066 1089 2372 1149 charitatis
2411 1090 2676 1166 aliquam

557 1193 761 1252 ideam
802 1192 1003 1269 gaudii
1032 1192 1329 1267 coelestis,
1368 1191 1479 1251 sed
1513 1193 1852 1266 servitutis3
1889 1208 2099 1250 verum
2130 1190 2289 1267 quod
2312 1190 2680 1249 liberrimum

556 1297 665 1369 sit,
723 1296 864 1370 quia
900 1311 973 1352 ex
1004 1293 1313 1353 affectione
1350 1295 1662 1367 interiore,
1720 1299 1781 1352 et
1822 1309 1955 1351 cum
1991 1291 2277 1352 ineffabili
2301 1291 2680 1370 jucunditate
2726 1290 2727 1293 ’

557 1396 972 1474 conjunctum,
1025 1397 1232 1452 testati
1274 1400 1413 1454 sunt
1447 1393 1683 1470 Angeli.

720 1496 882 1554 405.
935 1495 1136 1553 Paene
1175 1512 1380 1554 omnes
1418 1497 1522 1571 qui
1555 1497 1615 1552 in
1645 1494 1895 1554 alteram
1932 1496 2113 1553 vitam
2140 1497 2418 1568 veniunt,
2467 1501 2683 1572 putant

560 1595 723 1673 quod
755 1595 1061 1674 Internum
1092 1597 1169 1653 sit
1197 1596 1388 1655 simile
1426 1597 1750 1670 unicuiviS,
1790 1601 1850 1655 et
1888 1594 2047 1670 quod
2085 1596 2333 1656 Coelum
2372 1599 2451 1656 sit
2486 1596 2680 1658 simle

558 1698 887 1769 unicuivis,
946 1713 1079 1755 cum
1127 1702 1327 1756 tamen
1364 1696 1656 1756 utrobivis
1693 1697 1957 1755 infinitae
2003 1699 2327 1757 varietates
2370 1703 2430 1756 et
2476 1698 2677 1757 diver-

560 1799 773 1857 sitates
822 1804 987 1872 sunt,
1046 1803 1104 1855 et
1143 1815 1435 1874 nusquam
1466 1799 1569 1857 uni
1601 1814 1849 1874 prorsus
1887 1799 2080 1857 simile
2109 1799 2400 1858 infernum
2435 1801 2529 1875 sit,
2568 1816 2680 1860 nec

558 1915 814 1975 usquam
852 1900 954 1957 uni
991 1915 1240 1974 prorsus
1295 1899 1487 1958 simile
1528 1898 1806 1973 Coelum,
1862 1899 2023 1974 quod
2071 1899 2276 1976 alteri3
2331 1901 2489 1959 sicut
2531 1917 2678 1960 nus-

561 2017 743 2076 quam
788 1998 962 2058 datur
999 2018 1154 2058 unus
1195 1999 1406 2074 homo,
1460 2002 1708 2076 spiritus
1756 2017 1826 2058 ac
1866 2001 2119 2077 angelus
2166 2017 2418 2077 prorsus
2469 2002 2680 2062 similis

557 2101 760 2171 alteri,
813 2118 887 2159 ne
928 2100 1164 2177 quidem
1205 2101 1405 2184 quoad
1439 2102 1682 2176 saciem3
1731 2117 1865 2160 cum
1901 2101 2096 2160 solum
2136 2104 2477 2178 cogitarem,
2518 2104 2679 2178 quod

558 2199 681 2258 bini
717 2208 918 2259 essent
952 2217 1201 2275 prorsus
1238 2202 1466 2260 similes
1517 2208 1623 2259 aut
1670 2201 1989 2277 aequales,
2038 2203 2404 2261 horruerunt
2438 2204 2676 2282 Angeli,

559 2299 825 2359 dicentes
873 2301 1031 2376 quod
1075 2317 1248 2359 omne
1304 2320 1487 2360 unum
1533 2303 1820 2361 formetur
1871 2319 1945 2360 ex
1996 2305 2294 2362 consensu
2334 2304 2681 2366 harmonico

556 2399 840 2481 plurium,
880 2408 944 2461 et-
975 2401 1135 2478 quod
1177 2403 1297 2462 tale
1330 2421 1514 2462 unum
1550 2405 1647 2472 sit,
1694 2403 1888 2480 qualis
1925 2402 2028 2464 ille
2065 2420 2395 2465 consensus
2434 2412 2527 2467 est
2539 2427 2556 2484 ;
2621 2413 2682 2467 et

558 2501 719 2579 quod
764 2506 849 2563 ita
894 2505 1083 2564 omnis
1117 2507 1376 2565 societas
1429 2503 1598 2564 Coeli
1645 2523 1829 2564 unum
1858 2505 2114 2583 faciant,
2172 2511 2234 2566 et
2269 2507 2430 2583 quod
2474 2524 2679 2569 omnes

558 2608 882 2665 societates
914 2606 1067 2667 coeli
1095 2624 1296 2681 unum,
1346 2612 1406 2665 et
1431 2605 1545 2666 hoc
1577 2625 1651 2666 ex
1689 2608 1818 2666 solo
1846 2607 2103 2667 Domino
2138 2625 2249 2685 per
2279 2626 2541 2670 amorem
2573 2594 2676 2692 (z).

559 2706 726 2767 Usus
764 2708 824 2764 in
862 2706 1064 2767 Coelis
1100 2707 1374 2766 similiter
1410 2710 1470 2765 in
1516 2710 1673 2767 omni
1711 2710 2001 2767 varietate
2035 2715 2094 2768 et
2137 2708 2483 2770 diversitate
2520 2718 2678 2788 sunt,

560 2814 620 2865 ct
657 2824 954 2883 nusquam
998 2810 1173 2866 unius
1224 2825 1371 2865 usus
1421 2825 1669 2883 prorsus
1712 2809 1922 2868 similis
1960 2826 2030 2870 ac
2066 2810 2223 2869 idem
2260 2817 2352 2870 est
2397 2830 2531 2872 cum
2565 2828 2685 2872 usu

560 2908 839 2977 alteriue,
876 2910 959 2965 ita
993 2925 1104 2967 nec
1141 2909 1316 2966 unius
1345 2907 1694 2985 jucunditas
1731 2927 1865 2968 cum
1909 2910 2192 2988 alterius;
2233 2918 2292 2971 et
2327 2913 2524 2972 adhuc
2553 2931 2683 2973 ma-

559 3008 680 3083 gis,
717 3006 991 3084 jucunda
1032 3008 1299 3085 cujusvis
1329 3025 1475 3067 usus
1515 3016 1654 3067 sunt
1687 3012 2169 3084 innumerabilia,
2221 3030 2291 3072 ac
2335 3015 2680 3074 innumera-

562 3105 706 3165 bilia
740 3106 845 3164 illa
883 3107 1154 3166 similiter
1193 3109 1388 3183 varia,
1446 3109 1558 3168 sed
1591 3127 1784 3186 usque
1821 3112 2136 3190 conjuncta
2170 3116 2230 3172 in
2267 3132 2338 3176 eo
2378 3115 2581 3175 ordine
2615 3121 2686 3175 ut

561 3224 628 3266 se
667 3212 872 3266 mutuo
928 3213 1231 3284 spectent,
1292 3211 1447 3267 sicut
1501 3227 1650 3269 usus
1703 3212 1967 3288 cujusvis
2015 3214 2299 3291 Membri‚
2356 3214 2582 3294 Organi
2622 3222 2686 3275 et

563 3308 832 3369 Visceris
880 3310 941 3367 in
977 3326 1261 3386 corpore,
1316 3315 1377 3370 et
1423 3309 1618 3371 adhuc
1664 3314 1858 3389 magis
1907 3316 2062 3393 sicut
2099 3316 2367 3393 cujusvis
2411 3320 2573 3380 vasis
2623 3325 2685 3378 et

712 3561 795 3627 (z)
850 3560 1017 3626 Quod
1064 3578 1240 3613 unum
1295 3578 1363 3614 ex
1414 3562 1594 3614 variis
1650 3563 1958 3627 consistat,
2024 3576 2082 3619 et
2132 3567 2268 3622 inde
2319 3568 2569 3622 formam
2624 3579 2684 3624 et

559 3636 730 3708 quale
770 3638 1048 3709 accipiat,
1112 3648 1169 3691 et
1209 3636 1636 3708 perfectionem
1679 3639 1994 3692 secundum
2037 3644 2207 3713 quale
2248 3645 2582 3699 harmoniae
2623 3657 2685 3700 ct

558 3728 904 3777 consensus,
949 3731 1015 3764 n:
1060 3720 1191 3773 457.
1235 3721 1407 3775 3241.
1452 3722 1625 3774 8003.
1706 3715 1876 3791 Quod
1918 3716 2141 3772 infinita
2183 3722 2432 3774 varietas
2475 3721 2580 3786 sit,
2623 3732 2685 3775 et

559 3803 840 3858 nusquam
880 3789 1100 3860 aliquid
1145 3789 1296 3842 idem
1339 3808 1469 3842 cum
1524 3791 1743 3855 alteru,
1800 3810 1868 3845 n:
1926 3800 2092 3854 7236.
2137 3802 2306 3856 9002.
2388 3798 2455 3849 ln
2498 3798 2684 3851 coelis

557 3863 817 3933 pariter,
879 3881 946 3916 11:
1006 3871 1171 3925 3744·
1215 3871 1383 3925 4005·
1430 3874 1597 3925 7236·
1643 3875 1809 3928 7833.
1867 3876 2034 3929 7836·
2078 3879 2246 3932 9002.
2330 3873 2501 3950 Quod
2543 3873 2682 3928 indo

558 3953 757 3989 omnes
799 3938 1106 3991 societates
1149 3941 1210 3991 in
1250 3942 1462 4005 coeliS‚
1526 3952 1583 3995 et
1634 3945 2031 4017 unusquisque
2086 3948 2342 4020 Angelus
2394 3949 2456 4001 in
2498 3950 2683 4003 socie·

558 4020 672 4064 tate
712 4029 744 4065 a
787 4029 845 4065 se
889 4013 1137 4066 invicem
1179 4014 1436 4069 distincti
1481 4028 1631 4081 sunt,
1677 4020 1813 4091 quia
1843 4019 1900 4072 in
1943 4022 2109 4076 vario
2150 4023 2312 4076 bono
2356 4035 2415 4078 et
2448 4042 2578 4089 usu,
2621 4043 2681 4079 n:

557 4094 688 4146 690.
743 4094 911 4148 3241.
968 4095 1132 4148 3519-
1190 4097 1359 4150 3804.
1406 4098 1575 4151 3986.
1618 4100 1790 4154 4067.
1845 4103 2017 4158 4149.
2075 4106 2244 4160 4263.
2291 4107 2461 4161 7236.
2509 4108 2678 4161 7833-

557 4170 723 4222 3936.
791 4164 960 4241 Quod
1002 4164 1245 4216 Divinus
1288 4168 1469 4218 Amor
1510 4168 1743 4222 Domini
1781 4171 2053 4243 disponat
2087 4191 2287 4229 omnes
2330 4176 2390 4227 in
2432 4176 2683 4230 formam

557 4239 887 4306 coelestem,
932 4250 988 4293 et
1029 4239 1339 4313 conjungat
1379 4253 1443 4296 ut
1476 4243 1627 4297 sicut
1655 4263 1801 4299 unus
1834 4248 2008 4302 homo
2045 4251 2178 4316 sint,
2223 4270 2292 4305 nt
2337 4258 2470 4313 457.
2508 4261 2682 4315 3986.
