3013 5114
614 455 722 505 180
1215 440 1308 493 DE
1353 432 1724 511 conLosET
1761 436 2095 494 INFERNo.

770 597 926 664 319.
985 600 1161 677 Quod
1200 599 1472 660 Gentiles
1513 616 1705 676 acque
1743 598 2051 658 salventur
2088 615 2157 655 ac
2196 594 2535 668 Christiani,
2572 594 2727 658 scire

611 709 865 784 possunt
914 705 1012 779 qui
1061 704 1255 760 sciunt
1305 701 1446 777 quid
1496 701 1638 758 facit
1688 701 1919 759 coelum
1977 699 2148 776 apud,
2187 698 2516 773 hominem,
2589 717 2729 759 nam

611 806 842 866 coelum
883 812 976 864 est
1010 806 1071 861 in
1110 803 1376 870 homine,
1431 808 1489 860 et
1528 804 1627 879 qui
1665 802 1897 860 coelum
1936 803 1991 860 in
2037 819 2103 859 se
2138 800 2363 858 habent
2398 803 2456 858 in
2495 800 2728 859 coelum

609 911 883 983 veniunt3
942 904 1189 964 Coelum
1227 905 1284 961 in
1332 903 1569 961 homine
1618 910 1709 961 est
1750 920 2076 979 agnoscere
2123 902 2437 975 Divinum,
2496 907 2557 960 et
2589 901 2730 961 duci

612 1027 647 1066 a
681 1009 932 1082 Divin03
970 1009 1224 1082 primum
1265 1010 1324 1062 et
1352 1006 1698 1080 primarium
1731 1007 1919 1063 omnis
1949 1004 2249 1078 religionis
2280 1010 2371 1060 est
2398 1019 2726 1078 agnoscere

610 1110 920 1181 Divinum,
973 1107 1181 1182 religio
1221 1123 1372 1182 quae
1413 1123 1527 1163 non
1566 1107 1834 1181 agnoscit
1871 1106 2151 1162 Divinum
2187 1121 2305 1161 non
2356 1110 2448 1160 est
2483 1103 2724 1179 roligi03

614 1218 674 1268 et
710 1214 1041 1286 praecepta
1079 1210 1268 1265 omnis
1318 1207 1624 1282 religionis
1677 1213 1953 1282 spectant
1991 1205 2247 1272 cultum,
2308 1206 2390 1262 ita
2429 1203 2726 1280 quomodo

610 1313 892 1371 Divinum
929 1308 1240 1367 colendum
1281 1314 1400 1382 est,
1440 1316 1505 1365 ut
1541 1307 1668 1382 Ipsi
1705 1314 1989 1383 acceptus
2029 1309 2134 1381 sit,
2178 1313 2237 1363 et
2270 1305 2383 1364 hoc
2421 1323 2555 1364 cum
2592 1306 2724 1363 ani-

612 1429 706 1469 mo
761 1412 891 1487 ejus
940 1409 1186 1482 insidet,
1244 1410 1327 1466 ita
1379 1415 1663 1483 quantum
1719 1408 1832 1465 hoc
1883 1407 2044 1481 vult,
2123 1412 2225 1463 aut
2279 1413 2564 1482 quantum
2612 1405 2726 1464 hoc

614 1517 800 1582 amat,
857 1516 1084 1567 tantum
1121 1509 1355 1568 ducitur
1397 1527 1432 1566 a
1466 1509 1743 1566 Domino.
1821 1508 2040 1567 Notum
2079 1513 2200 1579 est,
2258 1507 2415 1584 quod
2456 1506 2726 1566 Gentiles

610 1611 894 1669 moralem
918 1604 1115 1667 'vitam
1154 1612 1359 1669 vivant
1404 1627 1596 1684 aeque
1636 1627 1706 1667 ac
1745 1609 2093 1683 Christiani,
2149 1615 2209 1666 et
2242 1609 2446 1685 plures
2485 1607 2723 1666 illorum

609 1712 915 1770 meliorem
971 1729 1149 1786 quam
1197 1709 1548 1769 Christiani:
1605 1711 1845 1770 moralis
1898 1713 2024 1768 vita
2072 1711 2291 1768 vivitur
2339 1710 2435 1768 vel
2477 1715 2729 1787 propter

609 1813 920 1879 Divinum,
985 1812 1081 1870 vel
1118 1819 1365 1888 propter
1409 1811 1679 1870 homines
1714 1815 1774 1870 in
1810 1812 2059 1888 mund03
2124 1811 2370 1869 ‘moralis
2407 1813 2533 1868 vita
2570 1827 2726 1902 quae

607 1917 825 1973 vivitur
860 1921 1107 1992 propter
1141 1914 1457 1982 Divinum,
1512 1920 1603 1970 est
1651 1914 1977 1989 spiritualis
2026 1914 2149 1970 vita
2162 1932 2177 1987 3
2233 1920 2487 1988 utraque
2523 1914 2584 1969 in
2621 1928 2729 1970 ex-

608 2024 779 2074 terna
814 2017 1003 2074 forma
1040 2016 1248 2073 similis
1299 2020 1581 2091 apparot,
1638 2015 1747 2072 sed
1785 2017 1843 2072 in
1894 2017 2127 2072 interna
2177 2021 2268 2073 est
2313 2029 2557 2089 prorsus
2596 2011 2723 2071 dis-

609 2117 849 2191 similis3
902 2133 1022 2173 una
1059 2116 1255 2172 salvat
1294 2115 1621 2188 hominem,
1666 2116 1855 2174 altera
1892 2134 2010 2174 non
2046 2115 2267 2192 salvat,
2323 2132 2457 2172 nam
2498 2116 2599 2191 qui
2633 2113 2727 2170 vi-

608 2217 690 2273 vit
727 2216 1013 2274 moralem
1049 2218 1227 2272 vitam
1267 2222 1514 2292 propter
1549 2216 1860 2288 Divinum,
1917 2219 1967 2274 is
2015 2217 2251 2276 ducitur
2288 2233 2322 2275 a
2357 2216 2606 2290 Divino,
2664 2219 2729 2273 at

610 2319 708 2392 qui
744 2319 890 2373 vivit
926 2315 1211 2374 moralem
1249 2319 1432 2375 vitam
1466 2324 1716 2394 propter
1750 2316 2019 2376 homines
2056 2319 2117 2375 in
2150 2318 2405 2389 munde,
2458 2319 2509 2376 is
2549 2315 2723 2375 duci-

608 2425 704 2476 tur
754 2435 788 2475 a
838 2425 1058 2477 semet:
1127 2418 1236 2476 sed
1284 2418 1619 2476 illustretur
1679 2418 1793 2477 hoc
1847 2436 1956 2494 per
2010 2420 2384 2495 exemplum3
2454 2419 2555 2495 qui
2606 2434 2729 2478 non

608 2519 913 2578 malefacit
957 2521 1227 2597 proximo
1279 2537 1352 2579 ex
1407 2536 1594 2578 causa
1634 2521 1774 2597 quia.
1814 2526 1908 2579 est
1956 2527 2162 2580 contra
2208 2521 2583 2598 religionem,
2640 2519 2727 2580 ita

609 2628 816 2680 contra
851 2613 1169 2694 Divinum,
1225 2624 1275 2679 is
1332 2641 1401 2680 ex
1459 2622 1759 2698 spirituali
1803 2624 2026 2699 origine
2079 2622 2338 2681 abstinet
2387 2640 2423 2680 a
2470 2621 2723 2681 malefa-

609 2714 854 2797 cien'd03
911 2728 972 2780 at
1024 2724 1124 2798 qui
1174 2740 1290 2779 non
1340 2723 1643 2781 malefacit
1697 2723 1870 2783 alteri
1908 2742 1980 2782 ex
2020 2742 2205 2783 causa
2241 2724 2434 2782 solum
2478 2730 2728 2799 propter
2796 2738 2804 2745 ·

607 2827 877 2881 timorem
915 2822 1100 2899 legiS,
1148 2824 1424 2899 jacturae
1461 2824 1685 2898 famae,
1728 2824 1967 2883 honoris
2006 2833 2109 2883 aut
2144 2825 2321 2899 lucri,
2361 2827 2444 2882 ita
2479 2831 2726 2901 propter

610 2939 675 2979 se
715 2927 774 2979 ct
810 2922 1121 2995 mundum,
1181 2924 1232 2981 is
1272 2941 1342 2981 ex
1396 2926 1621 2999 origine
1671 2924 1928 2983 naturali
1967 2924 2227 2984 abstinet
2264 2944 2299 2983 a
2334 2924 2723 2985 malefacien-

612 3023 723 3096 do,
784 3030 843 3080 et
889 3023 940 3080 is
993 3022 1228 3080 ducitur
1277 3041 1312 3081 a
1365 3030 1588 3099 semet3
1643 3025 1822 3103 hujus
1876 3027 2001 3083 vita
2051 3035 2144 3085 est
2191 3026 2507 3099 naturalis,
2563 3027 2724 3085 illius

609 3131 805 3181 autem
845 3123 1172 3199 spiritualis
1187 3143 1203 3198 3
1270 3124 1447 3183 homo
1461 3169 1476 3199 ,
1536 3126 1707 3203 cujus
1758 3129 1884 3185 vita
1931 3127 2175 3187 moralis
2230 3134 2323 3187 est
2372 3127 2720 3204 spiritualiS,

608 3225 844 3283 coelum
879 3226 939 3281 in
976 3241 1042 3283 se
1077 3224 1288 3299 habet,
1349 3230 1409 3283 at
1447 3227 1618 3303 cujus
1654 3230 1779 3285 vita
1815 3227 2055 3287 moralis
2109 3236 2203 3287 est
2239 3229 2428 3287 solum
2474 3236 2725 3288 natura-

608 3327 699 3399 lis,
755 3325 988 3385 coelum
1036 3326 1094 3383 in
1145 3341 1210 3385 se
1252 3342 1367 3384 non
1394 3326 1627 3403 *habet3
1686 3345 1870 3387 causa
1914 3334 2030 3400 est,
2084 3332 2224 3405 quia
2265 3330 2496 3389 coelum
2542 3348 2579 3388 a
2617 3346 2726 3389 su-

607 3430 844 3505 periore
881 3428 1097 3502 influit,
1157 3435 1215 3486 et
1257 3429 1448 3505 aperit
1482 3430 1769 3487 interiora
1816 3430 1978 3508 ejus,
2037 3436 2097 3488 et
2144 3448 2255 3509 per
2288 3433 2574 3490 interiora
2621 3433 2724 3491 in·-

608 3661 875 3731 gentium‘
909 3672 966 3734 et
1005 3662 1362 3734 populorum
1406 3674 1566 3718 extra
1600 3662 1916 3718 Ecclesiam
1964 3663 2022 3718 in
2065 3665 2248 3719 altera
2287 3664 2426 3730 vita,
2469 3682 2526 3717 n:
2571 3672 2721 3725 2589

606 3735 677 3787 ad
721 3745 888 3798 2604.
973 3738 1143 3815 Quod
1197 3740 1455 3793 Ecclesia
1500 3740 1558 3792 in
1601 3741 1795 3812 specie
1852 3740 1925 3794 sit
1964 3741 2065 3795 uhi
2109 3742 2371 3794 Verbum
2418 3750 2475 3794 et
2514 3758 2621 3811 per
2662 3740 2725 3795 id

607 3813 888 3866 Dominus
929 3825 1131 3876 ηοωε,
1176 3832 1231 3865 n:
1278 3824 1444 3875 3857.
1486 3825 1695 3878 10761.
1779 3818 1852 3870 At
1890 3834 2074 3889 usque
2117 3818 2274 3889 quod
2314 3834 2432 3870 non
2476 3816 2608 3870 ideo
2650 3816 2723 3870 ab

606 3888 863 3941 Ecclesia
908 3890 1038 3951 sint,
1091 3892 1188 3961 qui
1232 3894 1347 3943 nati
1392 3891 1491 3945 ubi
1521 3894 1780 3947 Verbum
1823 3904 1909 3947 est
1950 3904 2006 3946 et
2049 3894 2330 3947 Dominus
2373 3904 2576 3957 notus,
2623 3892 2726 3947 sed

609 3963 706 4035 qui
750 3962 954 4016 vivunt
1005 3965 1181 4017 vitam
1237 3967 1531 4020 charitatis
1586 3981 1643 4023 ct
1692 3970 1860 4034 fidei,
1925 3988 1992 4023 n:
2038 3978 2208 4030 6637.
2267 3977 2473 4034 10143·
2516 3976 2723 4031 10153-

608 4046 814 4099 10578·
858 4046 1061 4099 10645·
1107 4048 1311 4100 10829.
1395 4043 1564 4131 Quod
1608 4045 1862 4098 Ecclesia
1909 4044 2141 4098 Domini
2199 4046 2272 4100 sit
2323 4046 2479 4117 apud
2522 4063 2723 4100 omnes

608 4114 666 4166 in
719 4116 996 4169 universo
1057 4114 1204 4169 orbe
1258 4116 1356 4189 qui
1412 4137 1471 4171 m
1525 4119 1685 4173 bono
1737 4121 1944 4174 vivunt
2005 4123 2319 4176 secundum
2382 4123 2724 4195 religiosum

608 4207 804 4256 suum,
849 4201 906 4245 et
943 4203 1263 4262 agnoscunt
1302 4193 1606 4258 Divinum,
1661 4207 1718 4250 et
1760 4197 1916 4269 quod
1956 4210 2335 4271 acceptentur
2374 4216 2406 4251 a
2448 4181 2721 4261 Domine,

609 4276 665 4319 et
718 4267 777 4320 in
829 4267 1057 4321 coelum
1111 4269 1376 4333 veniant,
1440 4289 1505 4323 n:
1564 4279 1712 4333 2589
1753 4273 1825 4327 ad
1873 4282 2043 4336 2604.
2098 4284 2269 4337 2861.
2326 4282 2497 4336 2863.
2553 4284 2722 4337 3263.

610 4349 779 4405 4190.
827 4349 994 4406 4197.
1039 4349 1209 4405 6700.
1254 4351 1424 4407 9256.
