3013 5114
422 397 1123 454 coRREsPONDENTIA
1171 399 1382 454 cosm
1423 400 1571 455 CUM
1614 400 1927 456 OMNIBUS
1972 398 2286 455 somnus.
2370 413 2440 466 47

468 551 648 619 ¹Quod
682 552 956 606 Divinum
985 554 1305 606 Humanum
1346 553 1548 608 influat
1586 555 1645 606 in
1679 537 1953 617 (focium,
1997 564 2053 607 ct
2086 553 2261 608 faciat
2296 554 2440 610 Coe-

322 633 473 699 lum,
516 647 588 681 nt
632 636 801 690 3038.
885 626 1051 694 Quod
1089 628 1372 682 Dominus
1415 630 1489 683 sit
1530 648 1701 684 omne
1742 631 1802 683 in
1844 630 2049 692 Coelo,
2094 640 2151 683 et
2176 630 2335 702 quod
2367 633 2442 685 sit

319 707 441 760 vita
476 705 678 769 Coeli,
723 723 789 757 n:
836 713 1003 765 7211.
1031 713 1198 765 9128.
1281 703 1445 770 Quod
1487 706 1767 759 Dominus
1806 706 1865 758 in
1900 723 2003 758 suo
2042 706 2261 759 habitet
2287 708 2440 779 apud

321 783 597 856 Angelos),
642 798 709 833 n:
747 789 915 843 9338.
946 789 1150 842 10125.
1181 789 1384 842 10151.
1417 790 1624 843 10157.
1686 782 1826 836 Inde
1861 781 2015 855 quod
2052 783 2151 854 qui
2184 782 2243 835 in
2271 785 2441 837 coelo

320 858 545 913 suntin
581 857 833 910 Domino
873 859 1015 921 sint,
1062 875 1127 910 nt
1172 867 1339 918 3637.
1379 866 1547 919 3638.
1632 856 1796 922 Quod
1829 858 2165 925 conjunctio
2205 858 2439 913 Domini

321 953 452 988 cum
495 933 736 1005 Angelis
788 951 848 986 se
894 933 1102 987 habeat
1136 936 1450 987 secundum
1496 935 1892 1007 receptionem
1938 932 2078 986 boni
2126 935 2342 988 amoris
2387 946 2447 990 et

322 1009 623 1064 charitatis
660 1010 733 1063 ab
770 1010 939 1078 Ipso,
985 1028 1051 1061 n:
1096 1017 1224 1072 904.
1260 1018 1426 1071 4198.
1466 1018 1633 1071 4205-
1670 1017 1837 1072 4211·
1867 1017 2036 1070 4220.
2073 1018 2241 1071 6280.
2272 1019 2439 1071 6832.

324 1094 490 1148 7042·
530 1093 701 1146 8819.
745 1094 911 1146 9680-
950 1095 1113 1145 9682·
1152 1095 1319 1147 9683.
1365 1095 1571 1148 10106.
1612 1095 1819 1146 10811.
1904 1085 2069 1151 Quod
2105 1089 2443 1141 universum

324 1163 571 1217 Coelum
609 1179 670 1214 se
707 1161 924 1215 referat
961 1162 1033 1214 ad
1074 1163 1415 1226 Dominum,
1461 1182 1529 1216 n:
1577 1171 1705 1224 551.
1749 1170 1875 1223 552.
1960 1159 2123 1227 Quod
2164 1163 2445 1218 Dominus

322 1239 398 1292 sit
428 1249 696 1293 centrum
733 1256 1036 1291 commune
1066 1239 1250 1302 coeli,
1295 1257 1363 1292 n:
1409 1247 1576 1300 3633.
1661 1238 1826 1304 QUOd
1868 1255 2068 1290 omnes
2096 1238 2176 1291 ibi
2218 1255 2277 1292 ⁸0
2316 1256 2443 1292 ver·

325 1325 448 1369 tant
481 1313 556 1368 ad
589 1313 932 1377 Dominum,
996 1315 1094 1386 qui
1133 1332 1303 1386 supra
1353 1317 1584 1378 coelos,
1643 1334 1710 1368 nx
1763 1322 1934 1375 9828.
1984 1322 2186 1375 10130.
2236 1323 2442 1374 10189.

325 1389 505 1457 Quod·
533 1401 727 1444 tamen
765 1389 966 1461 Angeli
1007 1409 1066 1444 sc
1106 1407 1223 1443 non
1260 1403 1491 1446 vertant
1516 1393 1588 1446 ad
1620 1392 1951 1454 Dominum,
1994 1389 2095 1444 sed
2135 1390 2293 1464 quod
2334 1391 2444 1444 Do·

322 1467 517 1521 minus
553 1466 686 1519 illos
723 1476 912 1519 vertat
952 1465 1023 1519 ad
1064 1484 1156 1531 se,
1215 1485 1280 1520 nt
1326 1475 1538 1528 10189.
1621 1466 1786 1534 Quo‘d
1830 1466 2155 1540 praesentia
2198 1467 2443 1538 Angelo-

320 1561 454 1596 rum
507 1542 665 1615 apud
716 1543 1027 1595 Dominum
1093 1560 1211 1595 non
1272 1544 1378 1606 sit,
1454 1544 1556 1597 sed
1617 1543 1945 1616 praesentia
1999 1543 2232 1596 Domini
2288 1543 2440 1614 apud

323 1619 612 1692 AngeloS,
675 1636 746 1670 n:
803 1627 972 1680 9415.
1058 1617 1432 1684 Ωιιοά,ιιι4116
1493 1621 1832 1689 conjunctio
1875 1637 2005 1673 cum
2047 1621 2182 1691 Ipso
2228 1619 2442 1672 Divino

325 1696 400 1750 sit
440 1697 501 1749 in
543 1694 745 1757 coelo,
802 1695 903 1748 sed
944 1714 1073 1750 cum
1119 1695 1331 1748 Divino
1377 1699 1675 1761 Humano,
1721 1716 1787 1750 n:
1831 1704 2000 1757 4211.
2028 1704 2194 1757 4724.
2227 1704 2392 1756 5633.

478 1769 652 1851 Quod
694 1769 937 1824 Coelum
981 1771 1441 1842 correspondeat
1493 1773 1707 1826 Divino
1750 1775 2015 1826 Humano
2057 1772 2322 1833 Domini,
2386 1782 2444 1825 et

328 1847 487 1920 quod
532 1847 667 1900 inde
709 1847 949 1901 Coelum
995 1849 1052 1899 in
1095 1848 1385 1900 communi
1432 1850 1505 1901 sit
1546 1849 1695 1901 sicut
1733 1865 1881 1900 unus
1923 1847 2129 1911 homo,
2185 1857 2242 1900 et
2283 1847 2442 1920 quod

325 1923 460 1979 ideo
503 1923 733 1977 coelum
776 1925 1058 1977 Maximus
1102 1926 1290 1975 Homo
1343 1925 1705 1997 appelletur,
1765 1941 1830 1974 n:
1875 1932 2043 1983 2996.
2091 1931 2257 1983 2998.
2295 1931 2444 1985 3624

322 1999 396 2054 ad
431 2007 600 2060 3649.
646 2007 793 2059 3636
834 1999 906 2052 ad
951 2007 1119 2060 3643.
1165 2006 1309 2059 3741
1345 1999 1415 2053 ad
1465 2007 1632 2060 3745.
1677 2006 1846 2059 4625.
1941 1997 2105 2064 Quod
2160 1998 2442 2051 Dominus

325 2076 400 2130 sit
441 2076 610 2129 Solus
650 2077 859 2140 Homo,
904 2087 961 2129 et
1003 2074 1160 2148 quod
1202 2074 1288 2127 illi
1332 2075 1506 2129 modo
1549 2075 1814 2129 homines
1856 2075 1971 2129 sint
2005 2074 2102 2147 qui
2145 2074 2443 2145 rccipiunt

324 2152 599 2206 Divinum
643 2152 714 2205 ab
758 2142 924 2223 Ipso,
971 2171 1037 2204 n:
1086 2157 1250 2211 1894.
1334 2153 1624 2231 Quantum
1666 2151 1977 2223 recipiunt,
2023 2152 2181 2224 quod
2221 2161 2443 2203 tantum

325 2229 443 2282 sint
481 2228 745 2281 homines
787 2238 844 2281 et
886 2228 1161 2299 imagines
1202 2228 1423 2299 Ipsius,
1479 2246 1547 2280 n:
1604 2236 1770 2289 8547.
1854 2228 2020 2294 Quod
2062 2226 2194 2281 idco
2240 2226 2441 2298 Angcli

323 2306 441 2358 sint
478 2304 703 2357 formae
756 2305 974 2358 amoris
1028 2314 1085 2357 et
1138 2304 1433 2358 charitatis
1489 2306 1548 2357 in
1603 2304 1790 2358 forma
1847 2307 2121 2368 humana,
2186 2315 2244 2357 et
2284 2302 2443 2376 quod

323 2382 435 2434 hoe
477 2397 509 2433 a
552 2378 825 2445 Domino,
869 2398 937 2432 n:
984 2386 1150 2442 3804-
1195 2388 1363 2441 4735.
1410 2388 1578 2441 4797.
1623 2387 1791 2443 4985.
1837 2389 2005 2441 5199.
2054 2388 2221 2440 5530.
2274 2386 2441 2439 9879·

325 2465 646 2599 1017(qiuod
688 2532 1021 2586 universum
1054 2533 1292 2586 Coelum
1333 2533 1564 2585 Domini
1604 2533 1695 2594 sit,
1740 2536 1812 2585 ni
1852 2539 2021 2592 2751.
2053 2537 2221 2591 7086.
2278 2526 2474 2599 Quod,

323 2609 442 2681 lpsi
485 2609 674 2662 omnis
716 2618 971 2681 potestas
1016 2610 1073 2661 in
1115 2609 1311 2663 Coclis
1352 2609 1427 2661 sit
1467 2619 1525 2662 et
1565 2609 1625 2660 in
1669 2608 1862 2670 tcrriS,
1908 2625 1974 2659 nx
2020 2615 2189 2667 1607.
2233 2612 2441 2666 10089.

325 2693 532 2746 10827.
615 2684 757 2751 Quia
797 2685 1078 2738 Dominus
1131 2685 1283 2757 regit
1331 2684 1667 2737 universum
1723 2683 1995 2745 Coelum,
2061 2682 2214 2755 quod
2272 2682 2444 2735 etiam

324 2773 488 2834 regat
530 2762 724 2815 omnia
767 2779 923 2833 quae,
959 2761 1093 2813 inde
1136 2761 1409 2832 pendent,
1455 2760 1531 2813 ita
1561 2759 1753 2813 omnia
1788 2760 1847 2812 in
1880 2758 2116 2823 mundo,
2161 2776 2227 2811 n:
2272 2766 2440 2818 2026.

326 2846 495 2899 2027.
543 2845 711 2898 4523.
756 2845 923 2900 4524.
1005 2836 1170 2901 Quod
1214 2836 1466 2890 Domino
1516 2836 1640 2891 Soli
1685 2836 1759 2889 sit
1798 2835 2059 2908 potentia
2099 2833 2440 2889 removendi

326 2914 587 2978 inferna,
643 2913 938 2968 detinendi
987 2932 1018 2967 a
1066 2913 1263 2977 maliS,
1315 2930 1378 2965 ac
1428 2912 1660 2967 tenendi
1717 2912 1775 2965 in
1816 2913 1997 2977 bono,
2041 2911 2117 2966 ita
2161 2911 2441 2974 salvandi,

326 3008 392 3043 ¹¹²
437 2998 647 3052 10019.

323 3142 577 3238 Quod
646 3141 1466 3239 correspondentia
1536 3141 1655 3211 sit
1730 3141 2112 3211 omn-ium
2182 3136 2439 3210 Coeli

494 3244 499 3249 ’
760 3285 763 3288 -
832 3267 1025 3313 cum
1079 3241 1486 3313 omnibus
1541 3241 1963 3312 hominis.

487 3392 599 3451 87.
658 3387 818 3466 Quid
868 3385 1419 3465 coi-respondentia,
1460 3385 1639 3445 hodie
1677 3388 1975 3461 nescim-5
2015 3384 2174 3461 quod
2201 3386 2440 3443 nescia·

324 3499 419 3576 tur
475 3496 571 3551 est
623 3508 696 3550 ex
746 3490 1024 3567 pluribus
1085 3491 1284 3549 causis
1299 3509 1315 3565 3
1388 3488 1675 3564 primaria
1727 3493 1847 3560 est,
1934 3484 2093 3561 quod
2142 3485 2317 3543 homo
2372 3501 2439 3545 se

320 3592 646 3653 removerit
682 3608 715 3650 e
752 3590 922 3651 coelo
957 3608 1068 3667 per
1105 3606 1368 3649 amorem
1408 3591 1503 3647 sui
1543 3593 1603 3646 et
1637 3586 1873 3663 mundi3
1944 3586 2045 3663 qui
2082 3587 2237 3644 enim
2274 3602 2341 3645 se
2380 3592 2441 3645 et

321 3694 612 3753 mundum
653 3707 838 3769 super
876 3693 1073 3750 omnia
1108 3696 1297 3760 amat,
1342 3691 1393 3747 is
1431 3706 1552 3746 non
1592 3692 1829 3763 spectat
1867 3686 1945 3745 ad
1989 3685 2110 3744 alia
2148 3704 2325 3764 quam
2363 3686 2441 3746 ad
2491 3761 2496 3765 ᾗ
2541 3733 2544 3736 .

321 3795 652 3868 mundana,
701 3794 842 3868 quia
878 3791 984 3851 illa
1038 3790 1429 3850 adblandiunt
1475 3787 1755 3847 sensibus
1793 3788 2088 3862 externiS,
2156 3794 2216 3847 et
2264 3788 2436 3848 oble-

323 3902 486 3955 ctant
536 3895 809 3971 genium,
889 3899 950 3976 et
1003 3910 1122 3951 non
1175 3890 1252 3948 ad
1301 3889 1669 3968 spiritualia,
1731 3891 1871 3965 quia
1924 3906 1997 3947 ea
2048 3888 2438 3949 adblandiunt

324 3996 604 4056 sensibus
640 3995 918 4069 internis,
986 4000 1045 4054 et
1091 3991 1391 4053 oblectant
1426 3997 1718 4067 mentem3
1776 3995 2143 4069 quopropter
2180 4007 2255 4051 ea
2291 4008 2329 4049 a
2372 4006 2441 4050 se

323 4097 630 4175 rejiciunt,
680 4096 974 4170 dicenteS,
1031 4093 1191 4172 quod
1233 4095 1547 4170 superiora
1583 4094 1731 4168 sint,
1798 4110 1971 4169 quam
2009 4097 2076 4151 ut
2112 4093 2233 4151 sint
2272 4092 2440 4168 cogi-

323 4199 581 4257 tationis,
663 4196 859 4256 Aliter
883 4195 1154 4255 fecerunt
1190 4192 1466 4271 Antiqui,
1518 4193 1636 4253 illis
1674 4195 1925 4253 scientia
1962 4191 2441 4269 corresponden-

320 4300 536 4358 tiarum
573 4298 905 4374 praecipua
949 4297 1206 4357 omnium
1258 4296 1641 4355 scientiarum
1692 4295 1803 4353 fuit
1817 4314 1831 4368 3
1889 4309 1999 4370 per
2045 4292 2210 4351 illam
2257 4293 2438 4352 etiam
