3013 5114
565 430 673 482 190
950 398 955 404 ’
1174 416 1270 472 ns
1312 415 1553 472 ooELo
1595 415 1690 470 ΕΤ
1729 400 2073 472 INFERNO.

570 584 749 639 etiam
785 579 983 637 ideam
1026 576 1365 654 sepulchri,
1418 576 1528 634 sed
1570 593 1687 635 non
1736 574 1914 633 simul
1947 574 2144 632 ideam
2179 572 2424 632 Domini
2456 574 2573 632 nisi
2605 577 2691 633 ita

567 687 830 753 remote,
882 685 950 738 ut
987 681 1083 736 vix
1122 680 1538 755 perciperetur
1566 676 1725 752 quod
1751 676 2072 750 Dominus,
2120 676 2236 732 nisi
2271 676 2447 750 quasi
2484 692 2516 733 e
2551 675 2685 734 lon-

566 784 821 859 ginquo,
881 797 953 837 ex
991 796 1178 837 causa
1228 781 1370 854 quia
1415 778 1589 836 ideae
1626 777 1933 854 sepulchri
1967 779 2122 835 inest
2170 775 2395 851 aliquid
2441 775 2684 852 funeriS,

569 882 730 960 quod
770 884 857 940 sic
913 879 1331 939 removebant:
1389 886 1617 956 postea*
1652 877 2043 936 admittebant
2088 876 2418 953 prudenter
2469 878 2530 935 in
2582 894 2683 937 se-

565 983 881 1060 pulchrum
914 980 1213 1058 quoddam
1249 981 1792 1056 atmosphaericum
1829 996 2129 1056 apparens
2170 994 2362 1054 usque
2402 984 2469 1035 ut
2505 985 2686 1040 tenue

568 1102 870 1162 aqueum,
911 1100 1028 1158 quo
1066 1081 1512 1157 significabant,
1555 1084 1732 1140 etiam
1770 1097 1880 1157 per
1928 1081 2316 1139 remotionem
2359 1079 2689 1151 decentem,

566 1188 749 1243 vitam
786 1182 1158 1261 spiritualem
1196 1185 1255 1242 in
1291 1183 1620 1260 Baptismo.
1700 1182 1923 1240 Postea
1957 1181 2083 1239 vidi
2127 1183 2574 1256 repraesentari
2609 1181 2685 1240 ab

567 1288 641 1346 iis
688 1287 927 1345 Domini
971 1285 1323 1343 descensum
1363 1283 1441 1341 ad
1486 1284 1745 1357 vinctos,
1818 1289 1878 1341 et
1920 1298 2236 1342 ascensum
2291 1298 2422 1339 cum
2471 1284 2684 1342 vinctis

567 1390 629 1445 in
683 1385 964 1453 Coelum,
1020 1393 1080 1444 et
1131 1386 1242 1443 hoc
1297 1383 1750 1461 incomparabili
1805 1384 2123 1459 prudentia
2178 1389 2238 1441 et
2289 1383 2544 1459 pietate3
2604 1390 2681 1458 et,

571 1487 734 1564 quod
768 1486 1034 1545 infantile
1074 1491 1239 1556 erat,
1293 1484 1588 1544 funiculos
1626 1485 1752 1544 sere
1779 1485 2237 1559 inconspicuos,
2278 1483 2685 1543 molliusculos

572 1595 632 1647 et
686 1589 1037 1645 tenerrimos
1092 1585 1511 1656 demittebant,
1586 1585 1799 1662 quibus
1861 1585 2180 1644 Dominum
2241 1584 2571 1644 allevarent
2624 1586 2687 1644 in

570 1705 827 1747 ascensu
844 1708 859 1763 3
915 1705 1156 1764 semper
1205 1689 1264 1745 in
1313 1694 1519 1746 sancto
1567 1689 1807 1761 timore,
1864 1705 1938 1744 ne
1985 1688 2302 1762 quicquam
2337 1688 2397 1743 in
2433 1703 2684 1763 reprae-

573 1791 871 1848 sentativo
935 1792 1254 1865 attingeret
1307 1787 1532 1865 aliquid
1577 1790 1636 1847 in
1688 1806 1805 1863 quo
1860 1805 1976 1845 non
2031 1787 2344 1864 spirituale
2400 1787 2684 1847 coeleste.

566 1892 821 1949 Praeter
873 1890 991 1948 alia
1039 1892 1589 1966 repraesentativa,
1645 1891 1705 1946 in
1749 1889 1966 1964 quibus
2016 1895 2189 1962 sunt,
2257 1895 2316 1946 et
2362 1906 2473 1965 per
2527 1905 2684 1965 quae

572 1994 631 2050 in
668 1993 1038 2067 cognitiones
1073 1993 1202 2049 veri
1241 1997 1301 2049 et
1335 1990 1679 2049 affectiones
1716 1990 1885 2065 boni,
1938 1992 2095 2049 sicut
2128 2006 2239 2065 per
2274 1989 2449 2049 ludos
2485 1990 2683 2049 infan-

566 2100 691 2151 tum
730 2095 940 2151 animis
979 2084 1346 2164 conformeS,
1387 2090 1816 2167 perducuntur.

726 2194 887 2251 336.
957 2190 1166 2266 Qualis
1203 2190 1438 2249 illorum
1473 2195 1646 2249 tener
1688 2190 2032 2250 intellectus
2070 2195 2197 2264 est,
2256 2194 2434 2249 etiam
2476 2197 2683 2250 osten-

568 2309 702 2351 sum
740 2298 830 2350 cst
844 2312 859 2366 3
899 2308 1032 2349 cum
1072 2292 1415 2351 Orat-ionem
1458 2291 1700 2350 Domini
1727 2309 1992 2361 orarem,
2031 2298 2091 2350 et
2125 2291 2211 2350 illi
2247 2298 2385 2350 tunc
2422 2294 2483 2351 in
2515 2292 2684 2352 ideas

569 2395 944 2470 cogitationis
973 2409 1142 2450 meae
1191 2392 1509 2452 influerent
1546 2410 1620 2451 ex
1656 2409 1766 2451 suo
1805 2392 2228 2468 intellectuali,
2297 2395 2681 2471 appercipie·

560 2494 738 2553 batur
775 2494 934 2571 quod
960 2494 1219 2553 influxus
1255 2511 1460 2552 eorum
1490 2500 1654 2553 esset
1681 2502 1801 2552 tam
1839 2501 2011 2553 tener
2049 2500 2107 2551 et
2136 2494 2351 2568 molliS,
2393 2500 2460 2552 ut
2485 2511 2681 2572 paene

564 2603 731 2656 esset
785 2596 974 2655 solius
1038 2596 1396 2673 affectionis3
1467 2603 1529 2656 et
1576 2581 1753 2655 simul
1801 2604 1940 2655 tunc
1992 2595 2461 2670 observabatur,
2528 2595 2688 2671 quod

565 2697 974 2757 intellectuale
1013 2715 1219 2756 eorum
1257 2705 1419 2758 esset
1455 2705 1730 2774 apertum
1767 2715 1959 2774 usque
1997 2714 2034 2754 a
2067 2698 2344 2772 Domino,
2383 2714 2520 2755 nam
2559 2703 2687 2756 erat

566 2801 725 2858 sicut
769 2799 1128 2857 transfluens
1167 2799 1328 2880 quod
1381 2799 1457 2857 ab
1502 2798 1651 2856 illis:
1731 2799 2025 2857 Dominus
2078 2797 2278 2857 etiarnx
2301 2800 2362 2856 in
2397 2797 2687 2857 infantum

557 2899 727 2957 ideas
783 2900 1142 2974 praeprimis
1189 2897 1271 2956 *ab
1325 2901 1546 2957 intimis
1597 2899 1816 2969 influit,
1868 2898 2014 2957 nihil
2056 2901 2209 2959 enim
2263 2899 2399 2958 illas
2450 2899 2681 2975 clausit,

563 3001 721 3057 sicut
777 2998 938 3073 apud
1001 2998 1267 3072 adulam,
1345 2998 1513 3057 nulla
1561 3002 1858 3076 principia
1917 2999 2056 3059 falsi
2110 3001 2186 3059 ad
2233 3000 2687 3077 intelligendum

564 3084 811 3168 verum,
865 3115 977 3156 nec
1012 3102 1138 3156 vita
1180 3098 1321 3156 mali
1365 3099 1440 3157 ad
1486 3101 1895 3177 recipiendum
1931 3100 2181 3175 bonum,
2240 3108 2299 3160 et
2334 3104 2422 3160 sic
2463 3101 2539 3159 ad
2579 3118 2683 3159 sa-

561 3199 867 3275 piendum.
944 3199 1037 3256 Ex
1085 3199 1178 3258 his
1230 3206 1508 3259 constare
1552 3209 1785 3277 potest,
1840 3203 2002 3279 quod
2048 3202 2315 3261 Infantes
2361 3219 2481 3261 non
2525 3201 2684 3261 illico

560 3306 705 3377 post
740 3307 993 3358 mortem
1029 3302 1089 3358 in
1125 3307 1347 3358 statum
1384 3301 1721 3377 angelicum
1757 3306 2027 3374 veniant,
2084 3304 2193 3362 sed
2230 3304 2389 3379 quod
2428 3320 2543 3380 per
2577 3319 2682 3361 co·-

561 3403 857 3480 gnitiones
893 3400 1035 3460 boni
1071 3407 1132 3461 et
1164 3403 1296 3460 veri
1322 3404 1669 3462 successive
1703 3405 2172 3479 introducantur,
2216 3411 2275 3463 et
2309 3405 2424 3464 hoc
2459 3420 2682 3463 secun-

562 3504 702 3563 dum
745 3520 978 3563 omnem
1008 3502 1291 3563 Ordinem
1332 3503 1690 3581 coelestem,
1748 3523 1884 3563 nam
1913 3509 2172 3565 omnium
2208 3507 2452 3564 minima
2479 3520 2687 3563 eorum

561 3604 778 3663 indolis
815 3604 1072 3664 Domino
1109 3611 1252 3664 nota
1288 3613 1457 3677 sunt,
1514 3622 1699 3682 quare
1743 3606 2072 3666 secundum
2110 3609 2307 3666 omnia
2345 3612 2405 3665 et
2446 3604 2685 3682 singula

561 3712 862 3763 momenta
911 3723 1116 3764 eorum
1162 3707 1566 3767 inclinationis
1604 3707 1902 3767 ducuntur
1951 3707 2030 3766 ad
2076 3706 2487 3786 recipiendum
2536 3722 2686 3766 vera

560 3803 702 3863 boni
744 3811 803 3862 et
830 3805 988 3864 bona
1025 3810 1173 3866 veri.

722 3906 881 3964 337.
963 3906 1274 3981 Quomodo
1320 3911 1518 3967 omnia
1571 3908 1690 3967 illis
1744 3910 2120 3968 insinuantur
2168 3925 2279 3985 per
2317 3908 2589 3987 jucunda
2624 3913 2685 3967 et

563 4022 846 4080 amoena,
916 4023 1070 4081 quae
1116 4009 1292 4082 genio
1348 4026 1556 4068 eorum
1604 4012 1993 4082 conveniunt,
2046 4009 2192 4068 mihi
2245 4012 2426 4069 etiam
2475 4015 2680 4069 osten-

564 4121 699 4164 sum
736 4111 858 4180 est3
916 4105 1121 4164 datum
1157 4108 1311 4165 enim
1354 4115 1446 4168 est
1491 4109 1697 4169 videre
1750 4111 2009 4171 infantes
2045 4111 2497 4171 decoratissime
2534 4111 2685 4169 ami-

562 4212 720 4278 ctos,
769 4208 992 4265 circum
1028 4213 1243 4282 pectus
1282 4211 1458 4268 sertis
1494 4209 1704 4268 florum
1754 4228 1829 4270 ex
1883 4213 2322 4271 amoenissimis
2379 4218 2441 4272 et
2476 4211 2682 4271 coele-

559 4306 751 4367 stibus
801 4306 1101 4369 coloribus
1149 4308 1728 4386 splendescentium,
1785 4319 1846 4371 et
1892 4329 2131 4392 quoque
2191 4314 2419 4374 circum
2469 4319 2682 4373 tenera
