3013 5114
608 380 905 436 coELUM
940 381 1073 434 EST
1116 379 1553 437 ms'rchUM
1591 382 1664 435 IN
1708 381 1853 437 Duo
1897 380 2160 439 REGNA.
2367 398 2437 449 15

316 550 459 603 sunt
521 542 737 619 quales
790 540 1207 598 describuntur
1260 539 1422 615 apud
1474 539 1832 615 Jeremiam,
1899 540 2183 615 „Iudam
2243 541 2443 626 leyem

207 674 218 683 ·
314 661 523 703 meam
563 641 761 701 menti
801 658 1042 713 eorum,
1109 645 1167 699 et
1208 638 1388 700 cordi
1424 646 1639 701 eorum
1687 641 2032 702 inscribam
2077 663 2252 706 eam:
2318 666 2443 707 non

307 743 620 805 docebunt
673 739 958 820 amplius
1005 740 1343 820 quisquam
1396 740 1674 801 amicum
1735 761 1924 803 saum
1983 749 2044 804 et
2104 745 2442 825 quisquam

296 845 588 926 fratrem
631 862 846 911 suum,
912 839 1205 915 dicendo,
1275 841 1629 920 coynosoz'te
1679 841 2024 915 Jehovam;
2078 853 2445 924 coynosoent

310 944 422 1006 Me
461 964 506 1005 a
543 941 809 1004 minimo
863 960 1079 1000 eorum
1134 941 1224 1001 acl
1256 941 1617 1002 mamimum
1653 947 1936 1017 eoram,“
2007 945 2265 1006 XXXI:
2326 950 2437 1008 33.

322 1049 437 1108 34.
520 1046 598 1104 Et
632 1049 926 1103 vocantur
964 1042 1124 1118 apud
1169 1043 1431 1117 Esaiam,
1485 1041 1742 1116 „Docti
1778 1062 1820 1103 a
1854 1043 2205 1121 Jehovah,“
2266 1047 2438 1107 LIV:

326 1150 448 1207 13:
507 1145 669 1222 quod
713 1146 812 1220 qui
851 1143 1009 1201 docti
1046 1161 1082 1199 a
1117 1143 1396 1202 ,Jehovah
1432 1145 1552 1201 sint
1600 1146 1702 1219 qui
1737 1144 1897 1202 docti
1933 1163 1976 1203 a.
2002 1146 2290 1223 Domino,
2328 1148 2440 1209 do-

315 1253 417 1309 cet
451 1247 595 1323 Ipse
633 1247 926 1304 Dominus
965 1243 1128 1318 apud
1164 1243 1535 1317 Johannem‚
1579 1243 1741 1320 Cap:
1785 1244 1903 1303 VI:
1948 1247 2059 1303 45.
2095 1248 2206 1305 46.

532 1349 642 1406 26.
708 1346 951 1404 Dictum
995 1350 1112 1418 est,
1167 1344 1328 1419 quod
1368 1344 1485 1403 illis
1523 1346 1819 1420 sapientia
1863 1351 1923 1402 et
1957 1345 2148 1421 gloria
2183 1350 2263 1406 sit
2295 1367 2442 1425 prae

316 1425 600 1525 reliquie„
658 1448 805 1523 quia
842 1452 1203 1520 receperunt
1264 1451 1325 1502 et
1368 1446 1667 1520 recipiunt
1705 1446 1927 1504 Divina
1962 1463 2109 1504 vera
2145 1441 2346 1507 statim
2382 1451 2442 1508 in

316 1551 476 1618 vita,
529 1554 595 1605 ut
643 1547 897 1622 primum
951 1547 1105 1603 enim
1157 1544 1404 1602 audiunt
1441 1545 1574 1620 illa,
1634 1547 1811 1604 etiam
1865 1545 2071 1605 volunt
2107 1555 2166 1607 et
2212 1549 2439 1609 faciunt

316 1649 454 1724 illa,
503 1665 615 1706 nec
651 1652 947 1723 reponunt
980 1647 1041 1703 in
1089 1647 1401 1719 memoria,
1461 1653 1522 1705 et
1559 1646 1694 1703 dein
1732 1649 1996 1723 cogitant
2034 1665 2174 1706 num
2209 1651 2295 1708 ita
2330 1653 2438 1709 sit:
2489 1723 2493 1727 .

323 1751 428 1827 qui
476 1749 628 1807 tales
677 1753 843 1820 sunt,
911 1748 1105 1804 sciunt
1154 1745 1310 1804 illico
1364 1764 1476 1822 per
1530 1746 1818 1806 inssuxum
1870 1766 1907 1804 a
1953 1748 2245 1821 Domino,
2300 1768 2440 1809 num

319 1867 533 1909 verum
568 1851 647 1907 sit
681 1865 891 1906 verum
944 1845 1104 1922 quod
1140 1845 1422 1917 audiunt,
1474 1846 1667 1904 influit
1704 1850 1856 1906 enim
1899 1849 2189 1908 Dominus
2225 1853 2440 1909 imme-

322 1950 487 2010 diate
527 1952 586 2007 in
624 1947 783 2008 velle
819 1948 1107 2015 hominia,
1145 1953 1204 2004 et
1239 1946 1497 2005 mediate
1537 1964 1648 2022 per
1683 1947 1837 2005 velle
1875 1950 1933 2005 in
1971 1948 2102 2024 ejus
2145 1953 2441 2026 cogitare3

319 2068 438 2111 seu
491 2049 651 2125 quod
702 2048 889 2120 idem,
957 2047 1147 2105 influit
1200 2047 1493 2105 Dominus
1551 2048 1893 2107 immediate
1947 2050 2008 2106 in
2056 2046 2306 2125 bonum,
2374 2067 2445 2108 ac

323 2151 586 2211 mediate
643 2165 753 2225 per
806 2149 1026 2207 bonum
1089 2150 1151 2205 in
1200 2165 1406 2206 verum
1466 2132 1595 2229 (ll),
1651 2167 1786 2206 nam
1841 2149 1900 2207 id
1955 2149 2173 2207 bonum
2234 2150 2447 2210 dicitur

321 2252 486 2330 quod
523 2257 617 2309 est
651 2249 974 2308 voluntatis
1014 2254 1073 2306 et
1108 2248 1502 2324 indevoperis,
1544 2254 1608 2306 at
1642 2266 1850 2309 verum
1888 2248 2047 2327 quod
2083 2257 2175 2309 est
2210 2237 2439 2312 memo-

318 2353 449 2411 riae
503 2358 562 2409 et
611 2349 749 2408 inde
805 2351 1207 2426 cogitationis:
1266 2351 1443 2407 etiam
1492 2366 1665 2409 omne
1702 2367 1907 2409 verum
1947 2353 2197 2410 vertitur
2231 2355 2293 2410 in
2327 2353 2441 2413 bo-

320 2471 465 2512 num
515 2469 587 2511 ac
641 2450 1029 2526 implantatur
1076 2451 1295 2523 amori,
1379 2455 1446 2508 ut
1489 2452 1746 2524 primum
1808 2453 1989 2508 intrat
2042 2451 2440 2527 voluntatem3

322 2553 609 2631 quamdiu
663 2560 863 2611 autem
904 2569 1115 2610 verum
1167 2557 1265 2610 est
1310 2552 1372 2608 in
1426 2551 1715 2608 memoria
1764 2556 1824 2608 et
1872 2550 2008 2610 inde
2061 2553 2439 2627 cogitatione,

320 2672 447 2713 non
483 2654 549 2712 fit
581 2654 831 2726 bonum,
880 2668 991 2711 nec
1030 2653 1201 2723 vivit,
1257 2666 1367 2709 nec
1405 2650 1828 2725 appropriatur
1861 2650 2113 2725 homini,
2166 2653 2444 2726 quoniam

321 2756 508 2815 homo
566 2761 658 2812 est
700 2753 877 2813 homo
924 2770 998 2811 ex
1047 2751 1355 2810 voluntate
1406 2757 1467 2808 et
1504 2749 1643 2809 inde
1700 2751 2044 2821 intellectu.
2096 2759 2156 2811 et
2206 2769 2324 2812 non
2372 2770 2447 2813 ex

320 2855 637 2916 intellectu
672 2860 955 2932 separato
995 2870 1029 2911 a
1068 2851 1374 2911 voluntate
1416 2847 1603 2931 (mm).

327 3074 464 3147 quia
505 3073 837 3144 percipiunt
887 3071 983 3124 illa
1020 3071 1077 3122 in
1121 3088 1213 3134 se,
1271 3071 1369 3123 sed
1404 3069 1570 3142 =quod
1607 3071 1795 3142 angeli
1838 3070 2171 3142 spirituales
2212 3073 2444 3126 ratioci-

192 3135 211 3151 “
326 3159 543 3203 nentur
583 3148 654 3203 de
690 3148 804 3201 illis
852 3165 985 3200 num
1032 3147 1106 3199 ita
1152 3147 1224 3198 sit
1270 3147 1360 3199 vel
1396 3164 1513 3197 non
1552 3146 1647 3209 ita,
1694 3164 1760 3198 nt
1805 3153 1936 3206 202.
1982 3156 2113 3207 337.
2155 3155 2285 3208 597.
2313 3158 2444 3208 607.

327 3233 459 3286 784·
511 3233 677 3285 1121.
730 3232 899 3284 1387.
950 3231 1118 3283 1398.
1169 3230 1335 3283 1919.
1387 3230 1554 3282 3246·
1606 3229 1774 3283 4448.
1826 3231 1994 3283 7680.
2055 3231 2221 3283 7877·
2277 3232 2444 3284 8780·

326 3310 500 3363 9277.
531 3309 738 3362 10786.

482 3378 575 3444 (ll)
621 3375 793 3455 Quod
829 3374 1071 3427 influxus
1108 3374 1339 3426 Domini
1385 3374 1459 3427 sit
1496 3375 1556 3425 in
1597 3374 1817 3427 bonum
1864 3385 1922 3427 et
1965 3392 2072 3445 per
2123 3375 2341 3427 bonum
2386 3376 2445 3427 in

324 3470 531 3507 verum
576 3464 633 3506 et
669 3469 786 3504 non
821 3451 1108 3512 vicissim,
1167 3450 1243 3502 ita
1295 3449 1349 3501 in
1389 3449 1748 3503 voluntatem
1782 3461 1838 3504 et
1878 3467 1983 3520 per
2016 3467 2138 3503 eam
2181 3450 2238 3502 in
2281 3451 2443 3504 intel-

322 3530 569 3590 lectum,
639 3539 696 3581 et
736 3543 854 3580 non
906 3526 1197 3587 vicissim,
1261 3543 1329 3577 n:
1395 3533 1563 3586 5482.
1619 3533 1787 3587 5649.
1838 3534 2007 3585 6027.
2059 3532 2225 3585 8685.
2276 3534 2442 3588 8701.

327 3614 650 3746 1(Πῇῗιοηπι)
707 3678 878 3756 Quod
923 3679 1188 3731 voluutas
1237 3676 1484 3729 hominis
1531 3676 1603 3729 sit
1645 3678 1830 3747 ipsum
1881 3678 2021 3729 Esse
2063 3678 2214 3730 vitae
2258 3679 2439 3744 illius,

327 3768 385 3811 et
417 3757 577 3830 quod
620 3755 695 3808 sit
740 3755 1168 3826 receptaculum
1212 3752 1352 3805 boni
1403 3752 1652 3814 amon-15,
1716 3762 1773 3803 et
1807 3751 1960 3823 quod
2003 3754 2329 3807 intellectus
2372 3757 2447 3809 sit

328 3832 592 3887 Existere
625 3831 779 3884 vitae
815 3829 967 3893 inde,
1014 3841 1070 3884 et
1104 3829 1259 3901 quod
1298 3829 1368 3881 sit
1397 3828 1827 3899 receptaculum
1865 3829 1988 3882 veri
2026 3839 2083 3881 et
2117 3830 2256 3883 boni
2285 3831 2441 3894 fidei,

329 3925 396 3961 nt
441 3917 611 3969 3619.
649 3913 814 3966 5002.
851 3913 1016 3966 9282.
1102 3908 1183 3958 lta
1222 3904 1378 3975 quod
1426 3905 1542 3958 vita
1590 3905 1905 3957 voluntatis
1953 3905 2027 3957 sit
2070 3906 2188 3959 vita
2228 3908 2443 3977 princi-

324 3984 471 4054 palis
507 3982 790 4045 hominis,
835 3992 892 4035 et
936 3981 1090 4053 quod
1126 3982 1241 4033 vita
1278 3981 1604 4033 intellectus
1650 3981 1928 4051 procedat
1968 3981 2135 4044 iude,
2199 4000 2266 4034 n=
2312 3991 2442 4043 585.

330 4068 456 4120 590.
495 4067 665 4121 3619.
702 4064 871 4118 7342.
910 4065 1076 4118 8885·
1123 4064 1287 4116 9285·
1332 4064 1539 4117 10076.
1585 4064 1789 4117 10109.
1829 4066 2037 4118 10110.
2139 4058 2311 4135 Quod
2347 4059 2445 4114 illa

327 4134 463 4189 fiant
500 4136 687 4196 vitae,
753 4144 810 4186 et
845 4132 1304 4204 approprientur
1338 4132 1590 4194 homini,
1652 4151 1799 4206 quae
1842 4134 2210 4205 recipiuntur
2243 4134 2445 4187 volun-

328 4221 473 4275 tate,
516 4231 586 4265 n:
631 4218 800 4271 3161.
838 4217 1005 4270 9386.
1043 4217 1211 4269 9393.
1295 4208 1466 4287 Quod
1504 4210 1679 4262 homo
1715 4211 1790 4262 sit
1827 4211 1999 4262 homo
2036 4227 2105 4263 ex
2145 4209 2443 4264 voluntate

330 4297 387 4341 et
421 4289 552 4342 inde
593 4286 925 4351 intellectu,
992 4305 1061 4338 n:
1105 4293 1274 4346 8911.
1320 4293 1487 4345 9069·
1539 4294 1705 4347 9071·
1743 4294 1948 4346 10076·
1991 4293 2192 4346 10109·
2239 4294 2444 4346 10110·
