3013 5114
575 434 685 485 270
1197 419 1291 473 DE
1332 418 1575 475 COELO
1618 417 1711 472 ET
1752 415 2092 475 INFERNO.

576 599 810 661 cunque
862 580 947 640 ibi
988 587 1131 641 sunt
1182 580 1534 658 rediguntur
1583 581 1644 638 in
1696 584 1953 655 statum,
2046 582 2115 637 ut
2159 577 2483 654 loquantur
2533 580 2696 638 sicut

577 686 867 761 cogitant,
931 699 1004 742 ac
1056 689 1125 741 ut
1167 682 1340 742 vultu
1394 689 1454 740 et
1498 680 1772 760 gestibus
1826 678 2180 755 ostendant,
2246 681 2402 739 sicut
2451 679 2691 756 volunt3

574 787 713 846 inde
757 801 914 843 nunc
957 792 1079 857 est,
1137 782 1295 861 quod
1332 782 1519 842 facies
1557 783 1816 841 omnium
1857 781 2002 841 fiant
2042 780 2423 840 affectionum
2451 782 2699 853 illorum

575 889 803 947 formae
846 892 907 945 et
949 885 1209 962 effigies:
1265 902 1334 945 ac
1385 883 1524 944 inde
1572 882 1709 961 est,'
1747 881 1908 960 quod
1954 899 2159 943 omnes
2204 883 2307 958 qui
2360 897 2429 941 se
2467 900 2693 960 cogno-

578 993 794 1048 verunt
826 989 889 1046 in
924 986 1175 1062 mundo,
1214 1003 1281 1045 se
1320 1004 1559 1062 quoque
1597 991 1960 1064 cognoscant
1992 985 2055 1042 in
2088 983 2314 1043 Mundo
2353 985 2694 1061 spirituum,

580 1106 698 1149 non
734 1094 936 1148 autem
975 1089 1034 1147 in
1072 1087 1255 1147 Coelo
1294 1095 1353 1146 et
1386 1089 1447 1145 in
1481 1086 1721 1147 Inferno
1741 1132 1759 1162 ,
1811 1093 1876 1145 ut
1912 1102 2100 1163 supra
2142 1103 2214 1143 n:
2254 1088 2416 1159 427,
2473 1086 2700 1146 dictum

580 1198 675 1251 est
704 1186 792 1272 (i).

735 1291 898 1351 458.
970 1290 1184 1350 Facies
1230 1290 1677 1367 hypocritarum
1724 1292 1918 1349 serius
1955 1294 2259 1348 mutantur
2294 1305 2473 1365 quam
2509 1287 2698 1350 facies

583 1394 976 1469 reliquorum,
1038 1409 1113 1450 ex
1149 1408 1332 1451 causa
1367 1392 1509 1468 quia
1545 1409 1620 1450 ex
1657 1389 2087 1451 consuetudine
2126 1397 2549 1450 contraxerunt
2579 1391 2699 1450 ha-

580 1494 765 1554 bitum
805 1492 1198 1569 componendi
1231 1495 1516 1551 interiora
1560 1509 1675 1551 sua
1710 1492 1785 1551 ad
1828 1493 2132 1550 imitamen
2169 1491 2546 1552 affectionum
2579 1491 2698 1553 bo-

581 1612 822 1664 narum,
889 1599 1255 1671 quapropter
1308 1593 1408 1652 diu
1458 1610 1577 1652 non
1629 1593 1951 1670 impulchri
2001 1599 2329 1671 apparent;
2400 1592 2511 1653 sed
2557 1594 2705 1671 quia

535 1762 541 1779 ἱ
579 1693 922 1755 simulatum
975 1694 1139 1771 apud
1190 1693 1326 1754 illos
1365 1696 1712 1754 successive
1768 1697 2035 1770 exuitur,
2092 1711 2164 1754 ac
2202 1696 2487 1754 interiora
2540 1712 2700 1772 quae

581 1797 799 1856 mentis
873 1795 1270 1872 disponuntur
1329 1797 1406 1855 ad
1464 1797 1712 1855 formam
1775 1813 2018 1855 suarum
2070 1780 2481 1870 affectionum,
2549 1795 2706 1855 fiunt

581 1905 799 1977 postea
841 1897 1226 1957 deformiores
1268 1897 1417 1957 aliis.
1509 1898 1877 1975 Hypocritae
1921 1905 2085 1973 sunt,
2144 1898 2248 1976 qui
2291 1897 2525 1974 loquuti
2559 1902 2705 1957 sunt

583 2002 742 2060 sicut
776 1998 1026 2076 Angeli,
1087 1999 1198 2058 sed
1230 2002 1480 2075 interius
1523 2006 1897 2076 agnoverunt
1931 1998 2120 2058 solam
2156 2005 2460 2074 naturam,
2518 2005 2579 2059 et
2613 1999 2704 2058 sic

581 2119 700 2161 non
751 2101 1067 2175 Divinum,
1144 2117 1216 2159 ac
1280 2100 1418 2159 inde
1480 2106 1854 2177 negaverunt
1902 2100 2008 2159 illa
2062 2117 2220 2176 quae
2272 2100 2584 2160 Ecclesiae
2640 2105 2706 2160 et

584 2200 753 2260 Coeli
792 2207 945 2258 sunt.

739 2323 901 2381 459.
956 2318 1273 2380 Sciendum
1312 2327 1435 2396 est,
1478 2321 1637 2398 quod
1675 2322 1865 2381 forma
1902 2321 2165 2380 humana
2201 2322 2468 2399 cujusvis
2502 2322 2705 2382 homi-

582 2425 675 2482 nis
711 2427 854 2500 post
887 2430 1136 2481 mortem
1183 2438 1254 2481 eo
1290 2422 1595 2498 pulchrior
1637 2424 1741 2492 sit,
1803 2440 1921 2499 quo
1956 2424 2203 2483 interius
2242 2429 2549 2483 amaverat
2583 2422 2704 2483 Di-

580 2525 721 2584 vina
754 2523 952 2597 Vera,
1013 2530 1074 2584 et
1115 2526 1347 2584 vixerat
1387 2523 1714 2587 secundum
1757 2523 1888 2595 illa,
1941 2542 2082 2584 nam
2116 2526 2399 2585 interiora
2436 2525 2707 2603 cujusvis

578 2626 910 2687 secundum
954 2626 1192 2686 illorum
1230 2644 1495 2686 amorem
1531 2643 1603 2684 ac
1638 2628 1821 2685 vitam
1858 2635 1919 2686 et
1952 2628 2302 2703 aperiuntur
2336 2634 2398 2687 et
2435 2628 2707 2686 forman-

581 2736 707 2802 tur,
765 2735 1135 2804 q'uapropter
1193 2744 1310 2804 quo
1366 2729 1612 2788 interior
1664 2727 1935 2797 affectio,
1987 2746 2060 2787 eo
2112 2727 2469 2788 conformior
2514 2728 2708 2802 coe103

586 2838 647 2887 et
692 2828 830 2888 inde
874 2846 946 2888 eo
996 2829 1313 2887 formosior
1348 2829 1570 2889 facies:
1622 2829 1760 2888 inde
1810 2835 1936 2899 est,
2001 2829 2160 2905 quod
2203 2829 2450 2907 Angeli,
2510 2830 2615 2906 qui
2648 2830 2715 2889 in

586 2926 771 2988 Coelo
812 2930 1016 2987 intimo
1053 2935 1229 3000 sunt,
1283 2929 1669 3006 pulcherrimi
1704 2931 1852 3004 sint,
1893 2930 2032 3006 quia
2066 2937 2206 2989 sunt
2245 2932 2464 2990 amoris
2500 2930 2707 2991 coele-

581 3030 694 3086 stis
729 3028 987 3087 formae:
1044 3032 1147 3105 qui
1196 3036 1398 3088 autem
1446 3032 1711 3089 exterius
1759 3038 2115 3090 amaverunt
2152 3031 2376 3091 Divina
2413 3048 2586 3105 vera,
2645 3040 2709 3091 et

581 3128 670 3188 sic
707 3130 972 3187 exterius
1008 3130 1284 3188 vixerunt
1319 3130 1655 3190 secundum
1689 3130 1822 3207 illa,
1863 3134 2059 3192 minus
2088 3132 2326 3210 pulchri
2358 3139 2528 3207 sunt,
2567 3149 2713 3191 nam

521 3265 524 3272 -
586 3230 887 3289 exteriora
912 3228 1087 3301 modo
1124 3228 1364 3288 elucent
1405 3247 1481 3289 ex
1506 3231 1662 3290 facie
1697 3231 1965 3306 illorum,
2022 3239 2083 3293 et
2116 3252 2235 3293 non
2263 3250 2430 3293 amor
2463 3235 2713 3293 interior

587 3331 870 3392 coelestis
918 3347 1031 3407 per
1066 3330 1366 3390 exteriora
1401 3330 1760 3407 translucet,
1827 3333 2076 3410 proinde
2128 3353 2246 3394 non
2300 3336 2493 3395 forma
2542 3332 2716 3395 Coeli

737 3564 811 3630 (i)
868 3563 1039 3641 Quod
1088 3563 1267 3617 facies
1307 3563 1378 3618 ad
1420 3564 2000 3635 correspondentiam
2056 3568 2404 3622 interiorum
2458 3567 2715 3622 formata

584 3640 678 3704 sit,
722 3658 792 3694 n:
834 3648 983 3701 4791
1018 3639 1089 3693 ad
1125 3648 1294 3703 4805.
1333 3649 1498 3702 5695.
1583 3646 1666 3695 De
1700 3641 2236 3716 correspondentia
2278 3644 2448 3698 faciei
2491 3654 2549 3698 et
2584 3644 2711 3712 ejus

583 3716 848 3769 vultuum
890 3734 1018 3769 cum
1054 3717 1465 3771 affectionibus
1509 3719 1736 3783 mentiS,
1781 3727 2063 3786 n=‚1568.
2107 3728 2275 3781 2988.
2325 3729 2494 3781 2989.
2539 3728 2711 3781 3631.

583 3797 753 3851 4796.
806 3799 976 3851 4797.
1025 3799 1192 3853 4800.
1250 3802 1418 3854 5165.
1470 3802 1638 3854 5168.
1687 3803 1852 3857 5695.
1897 3804 2065 3857 9306.
2147 3795 2318 3876 Quod
2360 3797 2538 3850 facies
2578 3814 2714 3849 cum

583 3867 967 3919 interioribus
1010 3885 1157 3938 quae
1200 3872 1408 3923 mentis
1449 3888 1627 3923 unum
1671 3872 1847 3927 faciat
1885 3873 2041 3943 apud
2092 3874 2330 3945 angelos
2371 3874 2571 3937 Coeli,
2636 3890 2711 3925 n:

584 3947 755 4001 4796.
788 3948 957 4002 4797.
995 3949 1167 4003 4798.
1191 3952 1362 4006 4799.
1400 3952 1568 4005 5695.
1599 3954 1769 4008 8250.
1833 3948 2005 4026 Quod
2033 3948 2168 4004 ideo
2207 3948 2388 4003 facies
2418 3949 2478 4002 in
2508 3948 2714 4003 Verbo

584 4015 870 4089 significet
910 4017 1191 4072 interiora
1234 4029 1382 4091 quae
1423 4024 1632 4075 mentio
1673 4034 1837 4088 sunt,
1881 4026 1992 4079 hoc
2033 4036 2150 4091 est,
2194 4042 2341 4098 quae
2383 4024 2715 4079 affectionis

584 4102 643 4146 et
683 4091 1086 4164 cogitationis,
1149 4110 1219 4147 n:
1265 4103 1433 4155 1999.
1468 4102 1639 4159 2434.
1691 4107 1860 4159 3527.
1910 4108 2078 4163 4066.
2118 4108 2287 4163 4796.
2333 4108 2501 4161 5102·
2538 4109 2714 4162 9306.

584 4175 755 4230 9546.
837 4165 1141 4232 Quomodo
1184 4170 1428 4223 influxus
1469 4187 1501 4223 e
1543 4173 1803 4227 cerebris
1840 4176 1899 4227 in
1939 4177 2149 4231 faciem
2183 4194 2451 4231 successu
2488 4188 2713 4248 tempo-

584 4246 666 4297 ris
708 4253 957 4298 mutatus
998 4255 1119 4310 est,
1174 4255 1230 4298 et
1273 4264 1402 4299 cum
1443 4246 1548 4301 illo
1593 4251 1751 4321 ipsae
1791 4251 1971 4307 facies
2013 4254 2208 4326 quoad
2248 4252 2714 4324 corresponden-

585 4320 719 4374 tiam
763 4339 892 4376 oum
935 4319 1347 4388 interioribus,
1393 4341 1460 4375 n:
1509 4332 1676 4386 4326,
1724 4334 1891 4388 8250,
