3013 5114
672 442 785 495 320
1275 428 1369 483 DE
1411 426 1648 484 COELO
1688 426 1782 482 ET
1821 424 2158 482 INFERNO.

671 593 902 657 coelum
920 635 936 663 ,
977 595 1037 649 et
1072 595 1214 650 tunc
1250 588 1453 648 datum
1497 596 1594 648 est
1627 587 1747 648 illis
1775 589 1961 657 scire,
2007 586 2151 664 quid
2185 584 2467 663 splendet
2501 587 2562 644 in
2581 584 2791 661 =coelo,

596 718 605 725 ·
674 694 836 772 quod
869 707 1084 767 nempe
1122 693 1201 750 sit
1233 692 1521 749 Divinum
1556 689 1820 759 Verum,
1861 687 2023 765 quod
2063 687 2146 745 ibi
2196 693 2290 746 est
2328 687 2464 746 Lux
2497 687 2678 764 coeli,
2735 690 2799 749 in

669 813 817 868 usu,
884 794 985 870 qui
1034 799 1128 851 est
1169 792 1447 870 planum,
1493 790 1657 866 quod
1703 791 1915 866 recipit
1963 789 2163 847 radios
2196 784 2359 848 illius
2398 788 2587 860 luciS,
2636 796 2696 849 et
2733 791 2796 849 in

668 895 1024 973 splendores
1073 896 1273 952 varios
1320 894 1517 951 vertit.
1585 892 1682 950 Illi
1717 899 1958 960 autem,
2012 889 2175 966 apud
2224 906 2376 965 quos
2418 891 2790 967 cognitiones

670 996 847 1056 modo
883 994 1230 1053 residebant
1262 997 1322 1052 in
1359 994 1673 1066 memoria,
1716 997 1777 1049 et
1814 978 1951 1049 inde
1998 997 2349 1067 comparata
2399 997 2493 1050 est
2536 991 2790 1052 facultas

670 1096 1061 1156 ratiocinandi
1105 1096 1178 1154 de
1213 1097 1405 1169 veris,
1450 1112 1522 1154 ac
1558 1092 1943 1152 confirmandi
1975 1092 2083 1151 illa
2126 1108 2282 1168 quae
2332 1100 2690 1170 receperunt
2724 1100 2790 1153 ut

670 1199 990 1276 principia,
1048 1214 1203 1273 quae
1251 1198 1490 1254 tametsi
1542 1194 1728 1264 falsa,
1773 1200 1914 1270 post
1958 1190 2467 1253 confirmationem
2517 1196 2790 1254 viderunt

671 1304 828 1359 sicut
863 1314 1034 1371 vera3
1087 1297 1175 1355 illi
1219 1300 1359 1372 quia
1398 1298 1460 1353 in
1492 1294 1661 1353 nulla
1694 1295 1830 1354 luce
1879 1294 2033 1353 coeli
2076 1293 2352 1367 fuerunt,
2401 1301 2461 1353 et
2495 1302 2694 1355 tamen
2726 1299 2791 1356 in

669 1401 787 1459 fide
849 1416 921 1457 ex
979 1400 1163 1471 fastu,
1247 1399 1349 1472 qui
1400 1398 1757 1472 plerumque
1819 1396 1929 1454 tali
1986 1394 2417 1471 intelligentiae
2481 1397 2787 1473 adhaeret,

671 1500 830 1576 quod
864 1499 1159 1557 doctiores
1196 1496 1328 1555 aliis
1366 1504 1598 1570 essent,
1642 1502 1703 1555 et
1739 1498 1827 1555 sic
1865 1498 2104 1554 venturi
2143 1499 2202 1553 in
2238 1493 2504 1566 coelum,
2542 1505 2601 1557 et
2629 1497 2790 1575 quod

668 1600 787 1658 illis
833 1598 1052 1674 Angeli
1080 1599 1395 1671 servituri3
1450 1597 1741 1671 illiideo,
1798 1603 1866 1655 ut
1902 1613 1973 1654 ex
2002 1613 2115 1655 sua
2149 1597 2317 1654 fatua
2359 1596 2475 1656 fide
2511 1616 2790 1659 remove-

667 1706 906 1771 rentur,
958 1697 1180 1756 sublati
1234 1705 1375 1757 sunt
1412 1698 1489 1757 ad
1535 1701 1793 1774 primum
1833 1713 1947 1757 seu
1987 1698 2262 1756 ultimum
2298 1697 2563 1769 coelum,
2617 1706 2683 1758 ut
2729 1702 2789 1759 in

670 1802 1022 1860 societatem
1066 1800 1364 1874 quandam
1400 1799 1731 1876 angelicam
1766 1797 2220 1869 inducerentur,
2274 1796 2383 1857 sed
2420 1815 2553 1857 cum
2586 1802 2648 1859 in
2690 1803 2789 1860 in-

670 1904 853 1961 troitu
884 1907 1085 1971 erant,
1122 1901 1200 1960 ad
1232 1901 1519 1959 influxum
1559 1900 1711 1959 lucis
1753 1899 1906 1958 coeli
1943 1898 2312 1974 incipiebant
2347 1899 2609 1977 caligare
2637 1918 2789 1960 ocu·

672 2003 781 2077 lis,
845 2002 983 2061 dein
1032 2002 1369 2078 perturbari
1405 2000 1747 2074 intellectu,
1789 2000 2028 2059 demum
2068 1998 2308 2058 trahere
2343 2003 2602 2059 animam
2635 2004 2794 2061 sicut

667 2103 1031 2177 moribundi;
1071 2107 1132 2160 et
1174 2120 1307 2160 cum
1343 2105 1632 2160 sentirent
1667 2101 1927 2160 calorem
1965 2099 2147 2172 coeli,
2186 2102 2291 2181 qui
2320 2106 2413 2159 est
2447 2119 2615 2162 amor
2639 2119 2785 2163 coe-

666 2204 858 2276 lestis,
885 2201 1251 2276 incipiebant
1273 2205 1435 2259 intus
1464 2204 1748 2273 cruciari3
1792 2208 2161 2278 quapropter
2194 2200 2334 2259 inde
2370 2200 2589 2279 dejecti
2613 2209 2788 2281 sunt;
2849 2232 2860 2246 ·

666 2319 738 2361 ac
773 2301 910 2360 dein
952 2303 1252 2373 instructi,
1306 2301 1465 2377 quod
1505 2303 1871 2378 cognitiones
1909 2319 2026 2362 non
2062 2302 2285 2360 saciant
2318 2303 2639 2380 Angelum,
2675 2303 2793 2364 sed

662 2406 800 2481 ipsa
835 2404 987 2474 vita,
1039 2419 1216 2478 quam
1256 2401 1458 2479 adepti
1490 2419 1603 2480 per
1638 2403 2039 2479 cognitiones3
2096 2405 2376 2480 quoniam
2412 2396 2812 2480 cognitiones'

656 2508 720 2565 in
765 2520 832 2564 se
869 2510 1183 2586 spectatae
1219 2511 1359 2564 sunt
1396 2510 1566 2564 extra
1600 2504 1864 2579 coelum,
1929 2503 2039 2563 sed
2087 2506 2214 2563 vita
2259 2520 2374 2580 per
2413 2507 2789 2582 cognitiones

654 2608 813 2667 intra
846 2607 1099 2667 coelum.

822 2708 901 2766 51
923 2712 980 2767 9.
1047 2706 1378 2783 Postquam
1418 2704 1680 2784 Spiritus
1716 2709 1777 2764 in
1813 2705 1961 2766 locis
2002 2705 2365 2782 supradictis
2402 2723 2514 2783 per
2559 2708 2790 2769 instru-

662 2810 889 2868 ctiones
923 2809 1273 2884 praeparati
1305 2813 1445 2867 sunt
1479 2807 1558 2866 ad
1594 2806 1826 2866 coelum
1846 2850 1864 2876 ,
1920 2805 2081 2890 quod
2112 2806 2180 2865 fit
2213 2809 2369 2865 intra
2401 2806 2588 2867 breve
2625 2815 2788 2868 tem·

658 2924 806 2985 pus,
864 2924 935 2966 ex
985 2924 1171 2966 causa
1209 2911 1349 2985 quia
1396 2908 1456 2966 in
1510 2907 1923 2985 spiritualibus
1966 2906 2116 2966 ideis
2169 2913 2338 2977 sunt,
2402 2925 2560 2984 quae
2601 2908 2789 2987 plura

659 3005 841 3066 simul
866 3007 1406 3083 comprehendunt,
1440 3014 1584 3068 tunc
1619 3008 1946 3067 induuntur
1978 3007 2249 3068 vestibus
2277 3009 2582 3085 angeliciS,
2622 3027 2786 3096 quae

656 3106 1019 3184 plerumque
1052 3105 1343 3167 candidae
1387 3114 1527 3166 sunt
1561 3109 1721 3166 sicut
1769 3125 1844 3166 ex
1881 3108 2096 3186 bysso,
2161 3114 2222 3167 et
2265 3111 2353 3172 sic
2393 3110 2669 3169 feruntur
2701 3110 2785 3170 ad

654 3209 843 3278 viam,
907 3224 1064 3284 quae
1100 3223 1339 3266 sursum
1378 3207 1570 3266 tendit
1614 3208 1692 3267 ad
1737 3208 2003 3284 coelum,
2062 3226 2133 3268 ac
2182 3208 2500 3269 traduntur
2545 3212 2781 3289 angelis

656 3308 1007 3371 custodibus
1055 3308 1165 3384 ibi,
1238 3314 1300 3368 et
1340 3307 1480 3366 dein
1524 3310 1897 3385 recipiuntur
1946 3309 2032 3376 ab
2070 3310 2205 3369 aliis
2257 3310 2533 3388 Angelis,
2591 3328 2667 3372 ac
2716 3313 2784 3371 in

657 3413 984 3472 societates
1018 3409 1505 3483 introducuntur,
1561 3415 1622 3468 et
1646 3410 1709 3467 in
1743 3408 1949 3487 plures
1984 3410 2069 3469 ibi
2101 3410 2477 3471 faustitates:
2521 3414 2781 3488 quisque

656 3512 792 3572 dein
829 3514 889 3571 in
912 3528 1101 3588 suam
1140 3514 1494 3571 societatem
1531 3527 1570 3569 a
1594 3510 1854 3570 Domino
1890 3512 2126 3587 fertur3.
2154 3511 2314 3589 quod
2351 3515 2531 3572 etiam
2565 3512 2632 3572 fit
2667 3529 2782 3589 per

654 3616 852 3672 varias
886 3615 1016 3672 vias
1036 3657 1052 3687 ,
1102 3614 1462 3691 quandoque
1488 3629 1601 3690 per
1627 3612 1946 3688 ambages:
2002 3612 2165 3682 vias,
2198 3629 2312 3690 per
2346 3630 2500 3690 quas
2540 3612 2776 3672 ducun-

655 3718 769 3786 tur,
808 3712 1012 3771 nullus
1040 3713 1313 3791 Angelus
1353 3714 1503 3788 scit,
1564 3713 1674 3772 sed
1709 3712 1877 3772 solus
1916 3711 2243 3772 Dominus:
2299 3730 2434 3773 cum
2478 3713 2557 3773 ad
2601 3730 2780 3773 suam

653 3813 1002 3871 societatem
1047 3818 1328 3889 veniunt,
1391 3820 1535 3872 tunc
1589 3815 1937 3890 aperiuntur
1982 3814 2270 3873 interiora
2317 3831 2552 3890 eorum,
2615 3830 2777 3892 quae

655 3912 797 3986 quia
834 3911 1161 3971 conformia
1203 3920 1345 3973 sunt
1385 3913 1770 3973 interioribus
1820 3912 2204 3990 angelorum,
2261 3918 2364 3991 qui
2411 3917 2473 3974 in
2517 3916 2625 3974 illa
2661 3931 2769 3973 so-

652 4010 870 4069 cietate
923 4015 1088 4084 sunt,
1150 4011 1287 4071 ideo
1342 4019 1753 4087 agnoscuntur
1804 4013 1995 4089 illico,
2063 4019 2124 4075 et
2179 4032 2317 4078 cum
2355 4016 2576 4094 gaudio
2611 4016 2774 4076 reci-

650 4112 914 4187 piuntur.

813 4211 970 4273 520.
1048 4209 1161 4270 His
1220 4209 1396 4273 velim
1456 4209 1721 4288 adjicere
1775 4209 2002 4287 aliquid
2061 4215 2449 4277 memorabile
2504 4215 2580 4275 de
2637 4217 2773 4293 viis,

650 4329 806 4392 quae
846 4330 921 4377 ex
957 4311 1076 4374 illis
1111 4311 1259 4375 locis
1313 4310 1538 4373 ducunt
1589 4310 1668 4371 ad
1717 4310 1987 4387 coelum,
2037 4321 2098 4376 et
2148 4333 2261 4395 per
2308 4334 2460 4397 quas
2496 4317 2775 4380 introdu-
