<?xml version="1.0" encoding="UTF-8"?>
<!DOCTYPE html PUBLIC "-//W3C//DTD XHTML 1.0 Transitional//EN"
    "http://www.w3.org/TR/xhtml1/DTD/xhtml1-transitional.dtd">
<html xmlns="http://www.w3.org/1999/xhtml" xml:lang="en" lang="en">
 <head>
  <title>
</title>
<meta http-equiv="Content-Type" content="text/html;charset=utf-8" />
  <meta name='ocr-system' content='tesseract 3.04.00' />
  <meta name='ocr-capabilities' content='ocr_page ocr_carea ocr_par ocr_line ocrx_word'/>
</head>
<body>
  <div class='ocr_page' id='page_1' title='image "./decoeloetejusmi00tafegoog_0061.png"; bbox 0 0 3013 5114; ppageno 0'>
   <div class='ocr_carea' id='block_1_1' title="bbox 420 399 2483 464">
    <p class='ocr_par' dir='ltr' id='par_1_1' title="bbox 420 399 2483 464">
     <span class='ocr_line' id='line_1_1' title="bbox 420 399 2483 464; baseline 0.004 -8"><span class='ocrx_word' id='word_1_1' title='bbox 420 399 1125 456; x_wconf 85' lang='lat' dir='ltr'><strong>CORRESPONDENTIA</strong></span> <span class='ocrx_word' id='word_1_2' title='bbox 1166 400 1381 457; x_wconf 88' lang='lat' dir='ltr'><strong>COELI</strong></span> <span class='ocrx_word' id='word_1_3' title='bbox 1422 401 1570 457; x_wconf 91' lang='lat' dir='ltr'><strong>CUM</strong></span> <span class='ocrx_word' id='word_1_4' title='bbox 1612 401 1925 457; x_wconf 80' lang='lat' dir='ltr'>OMNIBUS</span> <span class='ocrx_word' id='word_1_5' title='bbox 1967 401 2330 458; x_wconf 84' lang='lat' dir='ltr'><strong>TELLURIS.</strong></span> <span class='ocrx_word' id='word_1_6' title='bbox 2414 414 2483 464; x_wconf 84' lang='grc'><strong>55</strong></span> 
     </span>
    </p>
   </div>
   <div class='ocr_carea' id='block_1_2' title="bbox 352 558 2494 3251">
    <p class='ocr_par' dir='ltr' id='par_1_2' title="bbox 356 558 2483 736">
     <span class='ocr_line' id='line_1_2' title="bbox 356 558 2483 638; baseline 0.002 -20"><span class='ocrx_word' id='word_1_7' title='bbox 356 558 738 629; x_wconf 80' lang='lat' dir='ltr'><strong>AutumnuS‚</strong></span> <span class='ocrx_word' id='word_1_8' title='bbox 792 565 852 618; x_wconf 95' lang='lat' dir='ltr'><strong>et</strong></span> <span class='ocrx_word' id='word_1_9' title='bbox 888 558 1147 636; x_wconf 69' lang='lat' dir='ltr'><strong>Hyems,</strong></span> <span class='ocrx_word' id='word_1_10' title='bbox 1205 577 1276 619; x_wconf 90' lang='lat' dir='ltr'><strong>ac</strong></span> <span class='ocrx_word' id='word_1_11' title='bbox 1322 566 1599 636; x_wconf 90' lang='lat' dir='ltr'><strong>tempora</strong></span> <span class='ocrx_word' id='word_1_12' title='bbox 1632 560 1802 636; x_wconf 89' lang='lat' dir='ltr'><strong>Diei,</strong></span> <span class='ocrx_word' id='word_1_13' title='bbox 1842 568 1909 620; x_wconf 93' lang='lat' dir='ltr'><strong>ut</strong></span> <span class='ocrx_word' id='word_1_14' title='bbox 1934 561 2141 638; x_wconf 87' lang='lat' dir='ltr'><strong>Mane,</strong></span> <span class='ocrx_word' id='word_1_15' title='bbox 2180 563 2483 633; x_wconf 73' lang='lat' dir='ltr'><strong>MeridieS,</strong></span> 
     </span>
     <span class='ocr_line' id='line_1_3' title="bbox 360 659 956 736; baseline 0 -18"><span class='ocrx_word' id='word_1_16' title='bbox 360 659 668 736; x_wconf 87' lang='lat' dir='ltr'><strong>Vespera,</strong></span> <span class='ocrx_word' id='word_1_17' title='bbox 711 664 771 717; x_wconf 88' lang='lat' dir='ltr'><strong>et</strong></span> <span class='ocrx_word' id='word_1_18' title='bbox 803 659 956 718; x_wconf 86' lang='lat' dir='ltr'><strong>Nox.</strong></span> 
     </span>
    </p>

    <p class='ocr_par' dir='ltr' id='par_1_3' title="bbox 354 760 2494 1624">
     <span class='ocr_line' id='line_1_4' title="bbox 450 760 2478 838; baseline 0.003 -20"><span class='ocrx_word' id='word_1_19' title='bbox 450 824 469 835; x_wconf 29' lang='grc' dir='ltr'><strong><em>ἡ</em></strong></span> <span class='ocrx_word' id='word_1_20' title='bbox 518 761 678 819; x_wconf 89' lang='grc'><strong>106.</strong></span> <span class='ocrx_word' id='word_1_21' title='bbox 735 760 974 834; x_wconf 90' lang='lat' dir='ltr'><strong>Verb0,</strong></span> <span class='ocrx_word' id='word_1_22' title='bbox 1021 763 1221 821; x_wconf 89' lang='lat' dir='ltr'><strong>omnia</strong></span> <span class='ocrx_word' id='word_1_23' title='bbox 1258 778 1413 837; x_wconf 88' lang='lat' dir='ltr'><strong>quae</strong></span> <span class='ocrx_word' id='word_1_24' title='bbox 1452 763 1717 820; x_wconf 85' lang='lat' dir='ltr'><strong>existunt</strong></span> <span class='ocrx_word' id='word_1_25' title='bbox 1753 763 1813 819; x_wconf 89' lang='lat' dir='ltr'><strong>in</strong></span> <span class='ocrx_word' id='word_1_26' title='bbox 1851 761 2113 838; x_wconf 89' lang='lat' dir='ltr'><strong>Natura,</strong></span> <span class='ocrx_word' id='word_1_27' title='bbox 2168 782 2204 822; x_wconf 88' lang='lat' dir='ltr'><strong>a</strong></span> <span class='ocrx_word' id='word_1_28' title='bbox 2239 765 2478 824; x_wconf 83' lang='lat' dir='ltr'><strong>minimo</strong></span> 
     </span>
     <span class='ocr_line' id='line_1_5' title="bbox 356 859 2476 943; baseline 0.002 -23"><span class='ocrx_word' id='word_1_29' title='bbox 356 861 435 920; x_wconf 86' lang='lat' dir='ltr'><strong>ad</strong></span> <span class='ocrx_word' id='word_1_30' title='bbox 474 861 795 920; x_wconf 84' lang='lat' dir='ltr'><strong>maximum</strong></span> <span class='ocrx_word' id='word_1_31' title='bbox 847 862 1024 938; x_wconf 89' lang='lat' dir='ltr'><strong>ejus,</strong></span> <span class='ocrx_word' id='word_1_32' title='bbox 1069 862 1653 938; x_wconf 78' lang='lat' dir='ltr'><strong>Gorrespondentiae</strong></span> <span class='ocrx_word' id='word_1_33' title='bbox 1702 868 1842 920; x_wconf 91' lang='lat' dir='ltr'><strong>sunt</strong></span> <span class='ocrx_word' id='word_1_34' title='bbox 1880 859 1967 943; x_wconf 89' lang='lat' dir='ltr'><strong>(i).</strong></span> <span class='ocrx_word' id='word_1_35' title='bbox 2047 863 2222 940; x_wconf 86' lang='lat' dir='ltr'><strong>Quod</strong></span> <span class='ocrx_word' id='word_1_36' title='bbox 2273 882 2476 924; x_wconf 90' lang='lat' dir='ltr'><strong>corre-</strong></span> 
     </span>
     <span class='ocr_line' id='line_1_6' title="bbox 358 961 2494 1039; baseline 0.002 -19"><span class='ocrx_word' id='word_1_37' title='bbox 358 961 758 1038; x_wconf 86' lang='lat' dir='ltr'><strong>spondentiae</strong></span> <span class='ocrx_word' id='word_1_38' title='bbox 811 964 960 1037; x_wconf 87' lang='lat' dir='ltr'><strong>sint,</strong></span> <span class='ocrx_word' id='word_1_39' title='bbox 1029 969 1125 1021; x_wconf 92' lang='lat' dir='ltr'><strong>est</strong></span> <span class='ocrx_word' id='word_1_40' title='bbox 1173 965 1316 1039; x_wconf 90' lang='lat' dir='ltr'><strong>quia</strong></span> <span class='ocrx_word' id='word_1_41' title='bbox 1362 962 1620 1020; x_wconf 91' lang='lat' dir='ltr'><strong>Mundus</strong></span> <span class='ocrx_word' id='word_1_42' title='bbox 1676 962 1963 1022; x_wconf 87' lang='lat' dir='ltr'><strong>naturalis</strong></span> <span class='ocrx_word' id='word_1_43' title='bbox 2019 981 2153 1022; x_wconf 87' lang='lat' dir='ltr'><strong>cum</strong></span> <span class='ocrx_word' id='word_1_44' title='bbox 2203 965 2494 1024; x_wconf 87' lang='lat' dir='ltr'><strong>omnibus</strong></span> 
     </span>
     <span class='ocr_line' id='line_1_7' title="bbox 359 1062 2477 1142; baseline 0.002 -21"><span class='ocrx_word' id='word_1_45' title='bbox 359 1065 486 1121; x_wconf 88' lang='lat' dir='ltr'><strong>suis</strong></span> <span class='ocrx_word' id='word_1_46' title='bbox 526 1064 733 1121; x_wconf 82' lang='lat' dir='ltr'><strong>existit</strong></span> <span class='ocrx_word' id='word_1_47' title='bbox 769 1067 829 1121; x_wconf 90' lang='lat' dir='ltr'><strong>et</strong></span> <span class='ocrx_word' id='word_1_48' title='bbox 864 1062 1141 1122; x_wconf 90' lang='lat' dir='ltr'><strong>subsistit</strong></span> <span class='ocrx_word' id='word_1_49' title='bbox 1177 1080 1214 1121; x_wconf 88' lang='lat' dir='ltr'><strong>a</strong></span> <span class='ocrx_word' id='word_1_50' title='bbox 1251 1062 1475 1121; x_wconf 91' lang='lat' dir='ltr'><strong>Mundo</strong></span> <span class='ocrx_word' id='word_1_51' title='bbox 1512 1063 1842 1139; x_wconf 84' lang='lat' dir='ltr'><strong>spirituali,</strong></span> <span class='ocrx_word' id='word_1_52' title='bbox 1900 1070 1960 1122; x_wconf 91' lang='lat' dir='ltr'><strong>et</strong></span> <span class='ocrx_word' id='word_1_53' title='bbox 1997 1071 2252 1142; x_wconf 90' lang='lat' dir='ltr'><strong>uterque</strong></span> <span class='ocrx_word' id='word_1_54' title='bbox 2290 1083 2327 1123; x_wconf 89' lang='lat' dir='ltr'><strong>a</strong></span> <span class='ocrx_word' id='word_1_55' title='bbox 2363 1066 2477 1125; x_wconf 93' lang='lat' dir='ltr'><strong>Di-</strong></span> 
     </span>
     <span class='ocr_line' id='line_1_8' title="bbox 356 1162 2481 1239; baseline 0.002 -20"><span class='ocrx_word' id='word_1_56' title='bbox 356 1164 530 1222; x_wconf 82' lang='lat' dir='ltr'><strong>vino:</strong></span> <span class='ocrx_word' id='word_1_57' title='bbox 587 1163 801 1220; x_wconf 89' lang='lat' dir='ltr'><strong>dicitur</strong></span> <span class='ocrx_word' id='word_1_58' title='bbox 846 1162 1004 1239; x_wconf 90' lang='lat' dir='ltr'><strong>quod</strong></span> <span class='ocrx_word' id='word_1_59' title='bbox 1050 1166 1229 1222; x_wconf 87' lang='lat' dir='ltr'><strong>etiam</strong></span> <span class='ocrx_word' id='word_1_60' title='bbox 1290 1163 1614 1238; x_wconf 82' lang='lat' dir='ltr'><strong>subsistat,</strong></span> <span class='ocrx_word' id='word_1_61' title='bbox 1695 1166 1837 1239; x_wconf 89' lang='lat' dir='ltr'><strong>quia</strong></span> <span class='ocrx_word' id='word_1_62' title='bbox 1889 1180 2064 1224; x_wconf 85' lang='lat' dir='ltr'><strong>omne</strong></span> <span class='ocrx_word' id='word_1_63' title='bbox 2120 1166 2396 1225; x_wconf 81' lang='lat' dir='ltr'><strong>subsistit</strong></span> <span class='ocrx_word' id='word_1_64' title='bbox 2445 1183 2481 1224; x_wconf 87' lang='lat' dir='ltr'><strong>a</strong></span> 
     </span>
     <span class='ocr_line' id='line_1_9' title="bbox 358 1262 2482 1341; baseline 0.001 -20"><span class='ocrx_word' id='word_1_65' title='bbox 358 1280 479 1338; x_wconf 89' lang='lat' dir='ltr'><strong>quo</strong></span> <span class='ocrx_word' id='word_1_66' title='bbox 517 1264 744 1337; x_wconf 84' lang='lat' dir='ltr'><strong>existit,</strong></span> <span class='ocrx_word' id='word_1_67' title='bbox 786 1262 1180 1323; x_wconf 82' lang='lat' dir='ltr'><strong>subsistentia</strong></span> <span class='ocrx_word' id='word_1_68' title='bbox 1215 1266 1370 1322; x_wconf 89' lang='lat' dir='ltr'><strong>enim</strong></span> <span class='ocrx_word' id='word_1_69' title='bbox 1409 1270 1503 1322; x_wconf 88' lang='lat' dir='ltr'><strong>est</strong></span> <span class='ocrx_word' id='word_1_70' title='bbox 1535 1270 1836 1341; x_wconf 90' lang='lat' dir='ltr'><strong>perpetua</strong></span> <span class='ocrx_word' id='word_1_71' title='bbox 1872 1266 2208 1339; x_wconf 83' lang='lat' dir='ltr'><strong>existentia,</strong></span> <span class='ocrx_word' id='word_1_72' title='bbox 2248 1272 2307 1325; x_wconf 93' lang='lat' dir='ltr'><strong>et</strong></span> <span class='ocrx_word' id='word_1_73' title='bbox 2344 1268 2482 1341; x_wconf 91' lang='lat' dir='ltr'><strong>quia</strong></span> 
     </span>
     <span class='ocr_line' id='line_1_10' title="bbox 357 1363 2483 1441; baseline 0 -20"><span class='ocrx_word' id='word_1_74' title='bbox 357 1381 482 1422; x_wconf 90' lang='lat' dir='ltr'><strong>non</strong></span> <span class='ocrx_word' id='word_1_75' title='bbox 534 1363 760 1438; x_wconf 89' lang='lat' dir='ltr'><strong>aliquid</strong></span> <span class='ocrx_word' id='word_1_76' title='bbox 811 1363 1145 1424; x_wconf 85' lang='lat' dir='ltr'><strong>subsistere</strong></span> <span class='ocrx_word' id='word_1_77' title='bbox 1193 1372 1398 1439; x_wconf 91' lang='lat' dir='ltr'><strong>potest</strong></span> <span class='ocrx_word' id='word_1_78' title='bbox 1447 1383 1483 1422; x_wconf 87' lang='lat' dir='ltr'><strong>a</strong></span> <span class='ocrx_word' id='word_1_79' title='bbox 1535 1382 1633 1434; x_wconf 90' lang='lat' dir='ltr'><strong>se,</strong></span> <span class='ocrx_word' id='word_1_80' title='bbox 1695 1366 1806 1423; x_wconf 91' lang='lat' dir='ltr'><strong>sed</strong></span> <span class='ocrx_word' id='word_1_81' title='bbox 1849 1385 1886 1424; x_wconf 89' lang='lat' dir='ltr'><strong>a</strong></span> <span class='ocrx_word' id='word_1_82' title='bbox 1932 1368 2119 1441; x_wconf 85' lang='lat' dir='ltr'><strong>priori</strong></span> <span class='ocrx_word' id='word_1_83' title='bbox 2169 1381 2261 1440; x_wconf 92' lang='lat' dir='ltr'><strong>se,</strong></span> <span class='ocrx_word' id='word_1_84' title='bbox 2316 1368 2400 1424; x_wconf 90' lang='lat' dir='ltr'><strong>ita</strong></span> <span class='ocrx_word' id='word_1_85' title='bbox 2446 1383 2483 1422; x_wconf 90' lang='lat' dir='ltr'><strong>a</strong></span> 
     </span>
     <span class='ocr_line' id='line_1_11' title="bbox 355 1462 2474 1543; baseline 0 -20"><span class='ocrx_word' id='word_1_86' title='bbox 355 1465 591 1535; x_wconf 89' lang='lat' dir='ltr'><strong>Prim0,</strong></span> <span class='ocrx_word' id='word_1_87' title='bbox 644 1482 683 1521; x_wconf 87' lang='lat' dir='ltr'><strong>a</strong></span> <span class='ocrx_word' id='word_1_88' title='bbox 730 1462 863 1539; x_wconf 85' lang='lat' dir='ltr'><strong>Quo</strong></span> <span class='ocrx_word' id='word_1_89' title='bbox 916 1465 1121 1541; x_wconf 91' lang='lat' dir='ltr'><strong>itaque</strong></span> <span class='ocrx_word' id='word_1_90' title='bbox 1168 1467 1221 1524; x_wconf 92' lang='lat' dir='ltr'><strong>si</strong></span> <span class='ocrx_word' id='word_1_91' title='bbox 1275 1473 1632 1541; x_wconf 88' lang='lat' dir='ltr'><strong>separatur,</strong></span> <span class='ocrx_word' id='word_1_92' title='bbox 1694 1483 1943 1542; x_wconf 89' lang='lat' dir='ltr'><strong>prorsus</strong></span> <span class='ocrx_word' id='word_1_93' title='bbox 2003 1469 2161 1543; x_wconf 88' lang='lat' dir='ltr'><strong>perit</strong></span> <span class='ocrx_word' id='word_1_94' title='bbox 2213 1473 2274 1525; x_wconf 89' lang='lat' dir='ltr'><strong>et</strong></span> <span class='ocrx_word' id='word_1_95' title='bbox 2328 1484 2474 1526; x_wconf 87' lang='lat' dir='ltr'><strong>eva-</strong></span> 
     </span>
     <span class='ocr_line' id='line_1_12' title="bbox 354 1567 567 1624; baseline -0.005 -1"><span class='ocrx_word' id='word_1_96' title='bbox 354 1567 567 1624; x_wconf 84' lang='lat' dir='ltr'><strong>nescit.</strong></span> 
     </span>
    </p>

    <p class='ocr_par' dir='ltr' id='par_1_4' title="bbox 352 1663 2485 2751">
     <span class='ocr_line' id='line_1_13' title="bbox 522 1663 2481 1743; baseline 0.002 -21"><span class='ocrx_word' id='word_1_97' title='bbox 522 1668 684 1724; x_wconf 83' lang='grc'><strong>107.</strong></span> <span class='ocrx_word' id='word_1_98' title='bbox 757 1663 948 1724; x_wconf 88' lang='lat' dir='ltr'><strong>Omne</strong></span> <span class='ocrx_word' id='word_1_99' title='bbox 995 1666 1058 1723; x_wconf 91' lang='lat' dir='ltr'><strong>id</strong></span> <span class='ocrx_word' id='word_1_100' title='bbox 1101 1665 1592 1742; x_wconf 75' lang='lat' dir='ltr'><strong>correspondens</strong></span> <span class='ocrx_word' id='word_1_101' title='bbox 1644 1674 1766 1741; x_wconf 89' lang='lat' dir='ltr'><strong>est,</strong></span> <span class='ocrx_word' id='word_1_102' title='bbox 1829 1668 1989 1743; x_wconf 92' lang='lat' dir='ltr'><strong>quod</strong></span> <span class='ocrx_word' id='word_1_103' title='bbox 2027 1671 2086 1728; x_wconf 91' lang='lat' dir='ltr'><strong>in</strong></span> <span class='ocrx_word' id='word_1_104' title='bbox 2135 1667 2366 1726; x_wconf 89' lang='lat' dir='ltr'><strong>Natura</strong></span> <span class='ocrx_word' id='word_1_105' title='bbox 2405 1684 2481 1726; x_wconf 80' lang='lat' dir='ltr'><strong>ex</strong></span> 
     </span>
     <span class='ocr_line' id='line_1_14' title="bbox 356 1763 2480 1827; baseline 0 -4"><span class='ocrx_word' id='word_1_106' title='bbox 356 1763 580 1823; x_wconf 86' lang='lat' dir='ltr'><strong>Ordine</strong></span> <span class='ocrx_word' id='word_1_107' title='bbox 631 1765 850 1823; x_wconf 88' lang='lat' dir='ltr'><strong>Divino</strong></span> <span class='ocrx_word' id='word_1_108' title='bbox 900 1767 1103 1824; x_wconf 80' lang='lat' dir='ltr'><strong>existit</strong></span> <span class='ocrx_word' id='word_1_109' title='bbox 1153 1774 1213 1827; x_wconf 91' lang='lat' dir='ltr'><strong>et</strong></span> <span class='ocrx_word' id='word_1_110' title='bbox 1270 1767 1564 1825; x_wconf 87' lang='lat' dir='ltr'><strong>subsistit.</strong></span> <span class='ocrx_word' id='word_1_111' title='bbox 1659 1766 1944 1826; x_wconf 89' lang='lat' dir='ltr'><strong>Ordinem</strong></span> <span class='ocrx_word' id='word_1_112' title='bbox 1992 1769 2279 1827; x_wconf 87' lang='lat' dir='ltr'><strong>Divinum</strong></span> <span class='ocrx_word' id='word_1_113' title='bbox 2337 1769 2480 1827; x_wconf 84' lang='lat' dir='ltr'><strong>facit</strong></span> 
     </span>
     <span class='ocr_line' id='line_1_15' title="bbox 358 1865 2477 1943; baseline 0.001 -20"><span class='ocrx_word' id='word_1_114' title='bbox 358 1865 643 1924; x_wconf 83' lang='lat' dir='ltr'><strong>Divinum</strong></span> <span class='ocrx_word' id='word_1_115' title='bbox 696 1865 931 1923; x_wconf 90' lang='lat' dir='ltr'><strong>Bonum</strong></span> <span class='ocrx_word' id='word_1_116' title='bbox 990 1866 1148 1940; x_wconf 88' lang='lat' dir='ltr'><strong>quod</strong></span> <span class='ocrx_word' id='word_1_117' title='bbox 1188 1866 1463 1942; x_wconf 87' lang='lat' dir='ltr'><strong>procedit</strong></span> <span class='ocrx_word' id='word_1_118' title='bbox 1498 1885 1537 1924; x_wconf 89' lang='lat' dir='ltr'><strong>a</strong></span> <span class='ocrx_word' id='word_1_119' title='bbox 1571 1866 1862 1942; x_wconf 82' lang='lat' dir='ltr'><strong>Domin03</strong></span> <span class='ocrx_word' id='word_1_120' title='bbox 1917 1868 2157 1926; x_wconf 85' lang='lat' dir='ltr'><strong>inchoat</strong></span> <span class='ocrx_word' id='word_1_121' title='bbox 2196 1868 2270 1926; x_wconf 90' lang='lat' dir='ltr'><strong>ab</strong></span> <span class='ocrx_word' id='word_1_122' title='bbox 2314 1866 2477 1943; x_wconf 88' lang='lat' dir='ltr'><strong>Ipso,</strong></span> 
     </span>
     <span class='ocr_line' id='line_1_16' title="bbox 356 1965 2482 2042; baseline 0 -19"><span class='ocrx_word' id='word_1_123' title='bbox 356 1965 631 2042; x_wconf 86' lang='lat' dir='ltr'><strong>procedit</strong></span> <span class='ocrx_word' id='word_1_124' title='bbox 681 1965 756 2024; x_wconf 93' lang='lat' dir='ltr'><strong>ab</strong></span> <span class='ocrx_word' id='word_1_125' title='bbox 806 1965 950 2041; x_wconf 89' lang='lat' dir='ltr'><strong>Ipso</strong></span> <span class='ocrx_word' id='word_1_126' title='bbox 996 1984 1109 2042; x_wconf 90' lang='lat' dir='ltr'><strong>per</strong></span> <span class='ocrx_word' id='word_1_127' title='bbox 1157 1965 1373 2026; x_wconf 89' lang='lat' dir='ltr'><strong>Coelos</strong></span> <span class='ocrx_word' id='word_1_128' title='bbox 1422 1968 1770 2025; x_wconf 85' lang='lat' dir='ltr'><strong>successive</strong></span> <span class='ocrx_word' id='word_1_129' title='bbox 1819 1969 1876 2024; x_wconf 91' lang='lat' dir='ltr'><strong>in</strong></span> <span class='ocrx_word' id='word_1_130' title='bbox 1926 1967 2242 2042; x_wconf 89' lang='lat' dir='ltr'><strong>Mundum,</strong></span> <span class='ocrx_word' id='word_1_131' title='bbox 2300 1984 2369 2024; x_wconf 86' lang='lat' dir='ltr'><strong>ac</strong></span> <span class='ocrx_word' id='word_1_132' title='bbox 2419 1969 2482 2025; x_wconf 91' lang='lat' dir='ltr'><strong>in</strong></span> 
     </span>
     <span class='ocr_line' id='line_1_17' title="bbox 354 2065 2484 2143; baseline 0 -20"><span class='ocrx_word' id='word_1_133' title='bbox 354 2065 581 2124; x_wconf 86' lang='lat' dir='ltr'><strong>ultimis</strong></span> <span class='ocrx_word' id='word_1_134' title='bbox 642 2066 727 2125; x_wconf 90' lang='lat' dir='ltr'><strong>ibi</strong></span> <span class='ocrx_word' id='word_1_135' title='bbox 775 2069 1159 2125; x_wconf 87' lang='lat' dir='ltr'><strong>terminatur:</strong></span> <span class='ocrx_word' id='word_1_136' title='bbox 1229 2084 1384 2143; x_wconf 89' lang='lat' dir='ltr'><strong>quae</strong></span> <span class='ocrx_word' id='word_1_137' title='bbox 1441 2066 1770 2126; x_wconf 87' lang='lat' dir='ltr'><strong>secundum</strong></span> <span class='ocrx_word' id='word_1_138' title='bbox 1834 2066 2118 2126; x_wconf 91' lang='lat' dir='ltr'><strong>Ordinem</strong></span> <span class='ocrx_word' id='word_1_139' title='bbox 2178 2066 2260 2125; x_wconf 92' lang='lat' dir='ltr'><strong>ibi</strong></span> <span class='ocrx_word' id='word_1_140' title='bbox 2318 2072 2484 2140; x_wconf 87' lang='lat' dir='ltr'><strong>sunt,-</strong></span> 
     </span>
     <span class='ocr_line' id='line_1_18' title="bbox 360 2165 2485 2241; baseline 0 -17"><span class='ocrx_word' id='word_1_141' title='bbox 360 2165 948 2241; x_wconf 86' lang='lat' dir='ltr'><strong>Correspondentiae</strong></span> <span class='ocrx_word' id='word_1_142' title='bbox 1004 2175 1172 2226; x_wconf 86' lang='lat' dir='ltr'><strong>sunt:</strong></span> <span class='ocrx_word' id='word_1_143' title='bbox 1252 2167 1582 2226; x_wconf 87' lang='lat' dir='ltr'><strong>secundum</strong></span> <span class='ocrx_word' id='word_1_144' title='bbox 1638 2167 1902 2227; x_wconf 89' lang='lat' dir='ltr'><strong>ordinem</strong></span> <span class='ocrx_word' id='word_1_145' title='bbox 1955 2168 2038 2226; x_wconf 90' lang='lat' dir='ltr'><strong>ibi</strong></span> <span class='ocrx_word' id='word_1_146' title='bbox 2097 2173 2238 2227; x_wconf 89' lang='lat' dir='ltr'><strong>sunt</strong></span> <span class='ocrx_word' id='word_1_147' title='bbox 2285 2169 2485 2226; x_wconf 83' lang='lat' dir='ltr'><strong>omnia</strong></span> 
     </span>
     <span class='ocr_line' id='line_1_19' title="bbox 358 2266 2484 2343; baseline 0.001 -19"><span class='ocrx_word' id='word_1_148' title='bbox 358 2284 517 2342; x_wconf 90' lang='lat' dir='ltr'><strong>quae</strong></span> <span class='ocrx_word' id='word_1_149' title='bbox 554 2266 713 2325; x_wconf 90' lang='lat' dir='ltr'><strong>bona</strong></span> <span class='ocrx_word' id='word_1_150' title='bbox 750 2273 811 2325; x_wconf 96' lang='lat' dir='ltr'><strong>et</strong></span> <span class='ocrx_word' id='word_1_151' title='bbox 845 2267 1114 2343; x_wconf 79' lang='lat' dir='ltr'><strong>perfecta</strong></span> <span class='ocrx_word' id='word_1_152' title='bbox 1150 2275 1289 2327; x_wconf 91' lang='lat' dir='ltr'><strong>sunt</strong></span> <span class='ocrx_word' id='word_1_153' title='bbox 1341 2268 1418 2327; x_wconf 91' lang='lat' dir='ltr'><strong>ad</strong></span> <span class='ocrx_word' id='word_1_154' title='bbox 1458 2285 1671 2339; x_wconf 85' lang='lat' dir='ltr'><strong>usum,</strong></span> <span class='ocrx_word' id='word_1_155' title='bbox 1723 2286 1863 2326; x_wconf 92' lang='lat' dir='ltr'><strong>nam</strong></span> <span class='ocrx_word' id='word_1_156' title='bbox 1907 2286 2081 2328; x_wconf 91' lang='lat' dir='ltr'><strong>omne</strong></span> <span class='ocrx_word' id='word_1_157' title='bbox 2131 2268 2351 2327; x_wconf 91' lang='lat' dir='ltr'><strong>bonum</strong></span> <span class='ocrx_word' id='word_1_158' title='bbox 2391 2275 2484 2327; x_wconf 91' lang='lat' dir='ltr'><strong>est</strong></span> 
     </span>
     <span class='ocr_line' id='line_1_20' title="bbox 356 2366 2479 2445; baseline 0 -20"><span class='ocrx_word' id='word_1_159' title='bbox 356 2366 585 2425; x_wconf 90' lang='lat' dir='ltr'><strong>bonum</strong></span> <span class='ocrx_word' id='word_1_160' title='bbox 614 2366 943 2426; x_wconf 89' lang='lat' dir='ltr'><strong>secundum</strong></span> <span class='ocrx_word' id='word_1_161' title='bbox 973 2386 1150 2428; x_wconf 88' lang='lat' dir='ltr'><strong>usum</strong></span> <span class='ocrx_word' id='word_1_162' title='bbox 1163 2390 1179 2444; x_wconf 86' lang='lat'>3</span> <span class='ocrx_word' id='word_1_163' title='bbox 1236 2369 1426 2427; x_wconf 82' lang='lat' dir='ltr'><strong>forma</strong></span> <span class='ocrx_word' id='word_1_164' title='bbox 1452 2386 1520 2428; x_wconf 90' lang='lat' dir='ltr'><strong>se</strong></span> <span class='ocrx_word' id='word_1_165' title='bbox 1556 2370 1740 2428; x_wconf 88' lang='lat' dir='ltr'><strong>refert</strong></span> <span class='ocrx_word' id='word_1_166' title='bbox 1776 2369 1853 2427; x_wconf 91' lang='lat' dir='ltr'><strong>ad</strong></span> <span class='ocrx_word' id='word_1_167' title='bbox 1887 2387 2128 2443; x_wconf 88' lang='lat' dir='ltr'><strong>verum,</strong></span> <span class='ocrx_word' id='word_1_168' title='bbox 2188 2371 2329 2445; x_wconf 90' lang='lat' dir='ltr'><strong>quia</strong></span> <span class='ocrx_word' id='word_1_169' title='bbox 2367 2386 2479 2426; x_wconf 86' lang='lat' dir='ltr'><strong>ve-</strong></span> 
     </span>
     <span class='ocr_line' id='line_1_21' title="bbox 352 2468 2478 2544; baseline 0.001 -20"><span class='ocrx_word' id='word_1_170' title='bbox 352 2485 489 2525; x_wconf 89' lang='lat' dir='ltr'><strong>rum</strong></span> <span class='ocrx_word' id='word_1_171' title='bbox 534 2475 628 2526; x_wconf 91' lang='lat' dir='ltr'><strong>est</strong></span> <span class='ocrx_word' id='word_1_172' title='bbox 661 2469 851 2526; x_wconf 89' lang='lat' dir='ltr'><strong>forma</strong></span> <span class='ocrx_word' id='word_1_173' title='bbox 890 2468 1063 2528; x_wconf 85' lang='lat' dir='ltr'><strong>boni:</strong></span> <span class='ocrx_word' id='word_1_174' title='bbox 1115 2470 1255 2530; x_wconf 91' lang='lat' dir='ltr'><strong>inde</strong></span> <span class='ocrx_word' id='word_1_175' title='bbox 1296 2475 1424 2541; x_wconf 92' lang='lat' dir='ltr'><strong>est,</strong></span> <span class='ocrx_word' id='word_1_176' title='bbox 1479 2468 1642 2544; x_wconf 89' lang='lat' dir='ltr'><strong>quod</strong></span> <span class='ocrx_word' id='word_1_177' title='bbox 1677 2471 1875 2526; x_wconf 89' lang='lat' dir='ltr'><strong>omnia</strong></span> <span class='ocrx_word' id='word_1_178' title='bbox 1911 2486 2066 2544; x_wconf 85' lang='lat' dir='ltr'><strong>quae</strong></span> <span class='ocrx_word' id='word_1_179' title='bbox 2101 2470 2161 2526; x_wconf 91' lang='lat' dir='ltr'><strong>in</strong></span> <span class='ocrx_word' id='word_1_180' title='bbox 2196 2470 2478 2526; x_wconf 90' lang='lat' dir='ltr'><strong>universo</strong></span> 
     </span>
     <span class='ocr_line' id='line_1_22' title="bbox 354 2567 2473 2642; baseline -0.001 -16"><span class='ocrx_word' id='word_1_181' title='bbox 354 2567 580 2627; x_wconf 88' lang='lat' dir='ltr'><strong>Mundo</strong></span> <span class='ocrx_word' id='word_1_182' title='bbox 617 2586 689 2627; x_wconf 89' lang='lat' dir='ltr'><strong>ac</strong></span> <span class='ocrx_word' id='word_1_183' title='bbox 723 2571 785 2626; x_wconf 88' lang='lat' dir='ltr'><strong>in</strong></span> <span class='ocrx_word' id='word_1_184' title='bbox 812 2569 1021 2629; x_wconf 88' lang='lat' dir='ltr'><strong>Mundi</strong></span> <span class='ocrx_word' id='word_1_185' title='bbox 1058 2579 1269 2630; x_wconf 86' lang='lat' dir='ltr'><strong>natura</strong></span> <span class='ocrx_word' id='word_1_186' title='bbox 1299 2573 1361 2628; x_wconf 87' lang='lat' dir='ltr'><strong>in</strong></span> <span class='ocrx_word' id='word_1_187' title='bbox 1394 2568 1618 2629; x_wconf 90' lang='lat' dir='ltr'><strong>Ordine</strong></span> <span class='ocrx_word' id='word_1_188' title='bbox 1654 2569 1876 2627; x_wconf 90' lang='lat' dir='ltr'><strong>Divino</strong></span> <span class='ocrx_word' id='word_1_189' title='bbox 1920 2575 2085 2642; x_wconf 75' lang='lat' dir='ltr'><strong>sunt,</strong></span> <span class='ocrx_word' id='word_1_190' title='bbox 2144 2584 2212 2628; x_wconf 92' lang='lat' dir='ltr'><strong>se</strong></span> <span class='ocrx_word' id='word_1_191' title='bbox 2248 2569 2324 2627; x_wconf 90' lang='lat' dir='ltr'><strong>ad</strong></span> <span class='ocrx_word' id='word_1_192' title='bbox 2360 2567 2473 2625; x_wconf 93' lang='lat' dir='ltr'><strong>bo-</strong></span> 
     </span>
     <span class='ocr_line' id='line_1_23' title="bbox 353 2669 1271 2751; baseline 0.004 -26"><span class='ocrx_word' id='word_1_193' title='bbox 353 2687 498 2727; x_wconf 91' lang='lat' dir='ltr'><strong>num</strong></span> <span class='ocrx_word' id='word_1_194' title='bbox 526 2678 586 2729; x_wconf 92' lang='lat' dir='ltr'><strong>et</strong></span> <span class='ocrx_word' id='word_1_195' title='bbox 618 2681 828 2728; x_wconf 80' lang='lat' dir='ltr'><strong>verum</strong></span> <span class='ocrx_word' id='word_1_196' title='bbox 863 2673 1125 2730; x_wconf 82' lang='lat' dir='ltr'><strong>referant</strong></span> <span class='ocrx_word' id='word_1_197' title='bbox 1165 2669 1271 2751; x_wconf 88' lang='lat' dir='ltr'><strong>(k).</strong></span> 
     </span>
    </p>

    <p class='ocr_par' dir='ltr' id='par_1_5' title="bbox 352 2768 2475 3251">
     <span class='ocr_line' id='line_1_24' title="bbox 517 2768 2471 2848; baseline -0.001 -20"><span class='ocrx_word' id='word_1_198' title='bbox 517 2772 677 2829; x_wconf 83' lang='grc'><strong>108.</strong></span> <span class='ocrx_word' id='word_1_199' title='bbox 744 2768 921 2844; x_wconf 84' lang='lat' dir='ltr'><strong>Quod</strong></span> <span class='ocrx_word' id='word_1_200' title='bbox 972 2775 1172 2830; x_wconf 89' lang='lat' dir='ltr'><strong>omnia</strong></span> <span class='ocrx_word' id='word_1_201' title='bbox 1213 2788 1369 2848; x_wconf 90' lang='lat' dir='ltr'><strong>quae</strong></span> <span class='ocrx_word' id='word_1_202' title='bbox 1426 2772 1485 2827; x_wconf 92' lang='lat' dir='ltr'><strong>in</strong></span> <span class='ocrx_word' id='word_1_203' title='bbox 1535 2769 1755 2829; x_wconf 90' lang='lat' dir='ltr'><strong>mundo</strong></span> <span class='ocrx_word' id='word_1_204' title='bbox 1805 2776 1944 2828; x_wconf 88' lang='lat' dir='ltr'><strong>sunt</strong></span> <span class='ocrx_word' id='word_1_205' title='bbox 1995 2787 2070 2829; x_wconf 83' lang='lat' dir='ltr'><strong>ex</strong></span> <span class='ocrx_word' id='word_1_206' title='bbox 2103 2770 2324 2828; x_wconf 81' lang='lat' dir='ltr'><strong>Divino</strong></span> <span class='ocrx_word' id='word_1_207' title='bbox 2363 2785 2471 2826; x_wconf 75' lang='lat' dir='ltr'><strong>ex-</strong></span> 
     </span>
     <span class='ocr_line' id='line_1_25' title="bbox 354 2870 2470 2948; baseline -0 -21"><span class='ocrx_word' id='word_1_208' title='bbox 354 2871 565 2945; x_wconf 88' lang='lat' dir='ltr'><strong>istant,</strong></span> <span class='ocrx_word' id='word_1_209' title='bbox 607 2887 678 2929; x_wconf 90' lang='lat' dir='ltr'><strong>ac</strong></span> <span class='ocrx_word' id='word_1_210' title='bbox 716 2870 1039 2931; x_wconf 85' lang='lat' dir='ltr'><strong>induantur</strong></span> <span class='ocrx_word' id='word_1_211' title='bbox 1067 2873 1286 2932; x_wconf 88' lang='lat' dir='ltr'><strong>talibus</strong></span> <span class='ocrx_word' id='word_1_212' title='bbox 1323 2874 1383 2929; x_wconf 92' lang='lat' dir='ltr'><strong>in</strong></span> <span class='ocrx_word' id='word_1_213' title='bbox 1410 2877 1652 2945; x_wconf 87' lang='lat' dir='ltr'><strong>natura,</strong></span> <span class='ocrx_word' id='word_1_214' title='bbox 1690 2888 1802 2948; x_wconf 91' lang='lat' dir='ltr'><strong>per</strong></span> <span class='ocrx_word' id='word_1_215' title='bbox 1839 2888 1993 2947; x_wconf 91' lang='lat' dir='ltr'><strong>quae</strong></span> <span class='ocrx_word' id='word_1_216' title='bbox 2031 2871 2112 2930; x_wconf 95' lang='lat' dir='ltr'><strong>ibi</strong></span> <span class='ocrx_word' id='word_1_217' title='bbox 2149 2886 2285 2930; x_wconf 86' lang='lat' dir='ltr'><strong>esse</strong></span> <span class='ocrx_word' id='word_1_218' title='bbox 2322 2886 2470 2947; x_wconf 89' lang='lat' dir='ltr'><strong>pos-</strong></span> 
     </span>
     <span class='ocr_line' id='line_1_26' title="bbox 356 2961 2470 3049; baseline 0 -22"><span class='ocrx_word' id='word_1_219' title='bbox 356 2978 526 3043; x_wconf 91' lang='lat' dir='ltr'><strong>sunt,</strong></span> <span class='ocrx_word' id='word_1_220' title='bbox 585 2977 644 3029; x_wconf 87' lang='lat' dir='ltr'><strong>et</strong></span> <span class='ocrx_word' id='word_1_221' title='bbox 686 2970 888 3031; x_wconf 87' lang='lat' dir='ltr'><strong>facere</strong></span> <span class='ocrx_word' id='word_1_222' title='bbox 940 2990 1142 3048; x_wconf 90' lang='lat' dir='ltr'><strong>usum,</strong></span> <span class='ocrx_word' id='word_1_223' title='bbox 1202 2982 1262 3033; x_wconf 94' lang='lat' dir='ltr'><strong>et</strong></span> <span class='ocrx_word' id='word_1_224' title='bbox 1300 2975 1385 3031; x_wconf 89' lang='lat' dir='ltr'><strong>sic</strong></span> <span class='ocrx_word' id='word_1_225' title='bbox 1429 2961 1937 3049; x_wconf 65' lang='lat' dir='ltr'><strong>cor&#39;respondere,</strong></span> <span class='ocrx_word' id='word_1_226' title='bbox 1995 2978 2228 3031; x_wconf 86' lang='lat' dir='ltr'><strong>constat</strong></span> <span class='ocrx_word' id='word_1_227' title='bbox 2276 2972 2470 3029; x_wconf 89' lang='lat' dir='ltr'><strong>mani-</strong></span> 
     </span>
     <span class='ocr_line' id='line_1_27' title="bbox 352 3070 2475 3150; baseline 0 -22"><span class='ocrx_word' id='word_1_228' title='bbox 352 3070 506 3129; x_wconf 83' lang='lat' dir='ltr'><strong>feste</strong></span> <span class='ocrx_word' id='word_1_229' title='bbox 547 3090 617 3130; x_wconf 87' lang='lat' dir='ltr'><strong>ex</strong></span> <span class='ocrx_word' id='word_1_230' title='bbox 658 3073 912 3147; x_wconf 89' lang='lat' dir='ltr'><strong>singulis</strong></span> <span class='ocrx_word' id='word_1_231' title='bbox 949 3091 1103 3150; x_wconf 88' lang='lat' dir='ltr'><strong>quae</strong></span> <span class='ocrx_word' id='word_1_232' title='bbox 1145 3077 1206 3133; x_wconf 90' lang='lat' dir='ltr'><strong>in</strong></span> <span class='ocrx_word' id='word_1_233' title='bbox 1240 3073 1449 3150; x_wconf 85' lang='lat' dir='ltr'><strong>Regno</strong></span> <span class='ocrx_word' id='word_1_234' title='bbox 1496 3079 1619 3130; x_wconf 84' lang='lat' dir='ltr'><strong>tam</strong></span> <span class='ocrx_word' id='word_1_235' title='bbox 1659 3072 1900 3132; x_wconf 90' lang='lat' dir='ltr'><strong>animali</strong></span> <span class='ocrx_word' id='word_1_236' title='bbox 1937 3090 2112 3149; x_wconf 89' lang='lat' dir='ltr'><strong>quam</strong></span> <span class='ocrx_word' id='word_1_237' title='bbox 2149 3070 2475 3147; x_wconf 80' lang='lat' dir='ltr'><strong>vegetabili</strong></span> 
     </span>
     <span class='ocr_line' id='line_1_28' title="bbox 353 3173 2470 3251; baseline -0 -23"><span class='ocrx_word' id='word_1_238' title='bbox 353 3177 685 3247; x_wconf 84' lang='lat' dir='ltr'><strong>apparent3</strong></span> <span class='ocrx_word' id='word_1_239' title='bbox 746 3173 807 3228; x_wconf 89' lang='lat' dir='ltr'><strong>in</strong></span> <span class='ocrx_word' id='word_1_240' title='bbox 843 3182 1099 3251; x_wconf 90' lang='lat' dir='ltr'><strong>utroque</strong></span> <span class='ocrx_word' id='word_1_241' title='bbox 1138 3181 1278 3233; x_wconf 93' lang='lat' dir='ltr'><strong>sunt</strong></span> <span class='ocrx_word' id='word_1_242' title='bbox 1304 3174 1479 3248; x_wconf 84' lang='lat' dir='ltr'><strong>talia,</strong></span> <span class='ocrx_word' id='word_1_243' title='bbox 1539 3190 1693 3249; x_wconf 88' lang='lat' dir='ltr'><strong>quae</strong></span> <span class='ocrx_word' id='word_1_244' title='bbox 1732 3175 1985 3250; x_wconf 83' lang='lat' dir='ltr'><strong>quisque</strong></span> <span class='ocrx_word' id='word_1_245' title='bbox 2021 3173 2224 3232; x_wconf 88' lang='lat' dir='ltr'><strong>videre</strong></span> <span class='ocrx_word' id='word_1_246' title='bbox 2250 3178 2470 3249; x_wconf 86' lang='lat' dir='ltr'><strong>potest,</strong></span> 
     </span>
    </p>
   </div>
   <div class='ocr_carea' id='block_1_3' title="bbox 346 3327 781 3339">
    <p class='ocr_par' dir='ltr' id='par_1_6' title="bbox 346 3327 781 3339">
     <span class='ocr_line' id='line_1_29' title="bbox 346 3327 781 3339; baseline 0 1775"><span class='ocrx_word' id='word_1_247' title='bbox 346 3327 781 3339; x_wconf 95' lang='lat' dir='ltr'><strong> </strong></span> 
     </span>
    </p>
   </div>
   <div class='ocr_carea' id='block_1_4' title="bbox 348 3387 2470 3683">
    <p class='ocr_par' dir='ltr' id='par_1_7' title="bbox 348 3387 2470 3683">
     <span class='ocr_line' id='line_1_30' title="bbox 508 3387 2470 3464; baseline -0.006 -15"><span class='ocrx_word' id='word_1_248' title='bbox 508 3397 582 3462; x_wconf 83' lang='lat' dir='ltr'><strong>(i)</strong></span> <span class='ocrx_word' id='word_1_249' title='bbox 627 3395 793 3461; x_wconf 83' lang='lat' dir='ltr'><strong>Quod</strong></span> <span class='ocrx_word' id='word_1_250' title='bbox 836 3394 1029 3447; x_wconf 85' lang='lat' dir='ltr'><strong>omnia</strong></span> <span class='ocrx_word' id='word_1_251' title='bbox 1077 3409 1223 3464; x_wconf 85' lang='lat' dir='ltr'><strong>quae</strong></span> <span class='ocrx_word' id='word_1_252' title='bbox 1261 3390 1319 3442; x_wconf 84' lang='lat' dir='ltr'><strong>in</strong></span> <span class='ocrx_word' id='word_1_253' title='bbox 1360 3391 1574 3442; x_wconf 88' lang='lat' dir='ltr'><strong>mundo</strong></span> <span class='ocrx_word' id='word_1_254' title='bbox 1621 3399 1680 3443; x_wconf 87' lang='lat' dir='ltr'><strong>et·</strong></span> <span class='ocrx_word' id='word_1_255' title='bbox 1712 3389 1899 3442; x_wconf 85' lang='lat' dir='ltr'><strong>tribus</strong></span> <span class='ocrx_word' id='word_1_256' title='bbox 1934 3389 2057 3453; x_wconf 83' lang='lat' dir='ltr'><strong>ejus</strong></span> <span class='ocrx_word' id='word_1_257' title='bbox 2092 3387 2304 3459; x_wconf 83' lang='lat' dir='ltr'><strong>Regnis</strong></span> <span class='ocrx_word' id='word_1_258' title='bbox 2345 3405 2470 3439; x_wconf 85' lang='lat' dir='ltr'><strong>cor-</strong></span> 
     </span>
     <span class='ocr_line' id='line_1_31' title="bbox 353 3462 2469 3543; baseline -0.006 -17"><span class='ocrx_word' id='word_1_259' title='bbox 353 3472 746 3543; x_wconf 83' lang='lat' dir='ltr'><strong>respondeant</strong></span> <span class='ocrx_word' id='word_1_260' title='bbox 779 3469 1135 3523; x_wconf 82' lang='lat' dir='ltr'><strong>coelestibus</strong></span> <span class='ocrx_word' id='word_1_261' title='bbox 1171 3484 1318 3539; x_wconf 86' lang='lat' dir='ltr'><strong>quae</strong></span> <span class='ocrx_word' id='word_1_262' title='bbox 1354 3466 1412 3517; x_wconf 91' lang='lat' dir='ltr'><strong>in</strong></span> <span class='ocrx_word' id='word_1_263' title='bbox 1447 3465 1650 3528; x_wconf 81' lang='lat' dir='ltr'><strong>coele,</strong></span> <span class='ocrx_word' id='word_1_264' title='bbox 1696 3481 1795 3517; x_wconf 87' lang='lat' dir='ltr'><strong>seu</strong></span> <span class='ocrx_word' id='word_1_265' title='bbox 1832 3463 1989 3535; x_wconf 87' lang='lat' dir='ltr'><strong>quod</strong></span> <span class='ocrx_word' id='word_1_266' title='bbox 2036 3479 2183 3534; x_wconf 86' lang='lat' dir='ltr'><strong>quae</strong></span> <span class='ocrx_word' id='word_1_267' title='bbox 2215 3462 2277 3514; x_wconf 86' lang='lat' dir='ltr'><strong>in</strong></span> <span class='ocrx_word' id='word_1_268' title='bbox 2310 3472 2469 3514; x_wconf 88' lang='lat' dir='ltr'><strong>natu-</strong></span> 
     </span>
     <span class='ocr_line' id='line_1_32' title="bbox 348 3542 2469 3617; baseline -0.005 -17"><span class='ocrx_word' id='word_1_269' title='bbox 348 3548 458 3600; x_wconf 83' lang='lat' dir='ltr'><strong>rali</strong></span> <span class='ocrx_word' id='word_1_270' title='bbox 500 3548 713 3599; x_wconf 88' lang='lat' dir='ltr'><strong>mundo</strong></span> <span class='ocrx_word' id='word_1_271' title='bbox 758 3547 873 3598; x_wconf 87' lang='lat' dir='ltr'><strong>illis</strong></span> <span class='ocrx_word' id='word_1_272' title='bbox 909 3562 1056 3617; x_wconf 84' lang='lat' dir='ltr'><strong>quae</strong></span> <span class='ocrx_word' id='word_1_273' title='bbox 1104 3544 1159 3593; x_wconf 88' lang='lat' dir='ltr'><strong>in</strong></span> <span class='ocrx_word' id='word_1_274' title='bbox 1198 3542 1520 3612; x_wconf 80' lang='lat' dir='ltr'><strong>spirituali,</strong></span> <span class='ocrx_word' id='word_1_275' title='bbox 1574 3558 1641 3591; x_wconf 83' lang='lat' dir='ltr'><strong>n:</strong></span> <span class='ocrx_word' id='word_1_276' title='bbox 1700 3548 1869 3600; x_wconf 83' lang='grc'><strong>1632.</strong></span> <span class='ocrx_word' id='word_1_277' title='bbox 1915 3547 2082 3599; x_wconf 84' lang='grc'><strong>1881.</strong></span> <span class='ocrx_word' id='word_1_278' title='bbox 2123 3545 2289 3598; x_wconf 80' lang='lat'><strong>2758.</strong></span> <span class='ocrx_word' id='word_1_279' title='bbox 2320 3545 2469 3598; x_wconf 82' lang='lat'><strong>2890</strong></span> 
     </span>
     <span class='ocr_line' id='line_1_33' title="bbox 352 3612 2468 3683; baseline -0.005 0"><span class='ocrx_word' id='word_1_280' title='bbox 352 3624 425 3676; x_wconf 73' lang='lat' dir='ltr'><strong>ad</strong></span> <span class='ocrx_word' id='word_1_281' title='bbox 470 3632 639 3683; x_wconf 88' lang='grc'><strong>2893.</strong></span> <span class='ocrx_word' id='word_1_282' title='bbox 684 3631 832 3682; x_wconf 90' lang='grc'><strong>2997</strong></span> <span class='ocrx_word' id='word_1_283' title='bbox 882 3622 953 3674; x_wconf 72' lang='lat' dir='ltr'><strong>ad</strong></span> <span class='ocrx_word' id='word_1_284' title='bbox 996 3628 1164 3680; x_wconf 89' lang='lat'><strong>3003.</strong></span> <span class='ocrx_word' id='word_1_285' title='bbox 1222 3625 1366 3678; x_wconf 79' lang='lat'><strong>3213</strong></span> <span class='ocrx_word' id='word_1_286' title='bbox 1417 3617 1489 3669; x_wconf 69' lang='lat' dir='ltr'><strong>ad</strong></span> <span class='ocrx_word' id='word_1_287' title='bbox 1537 3623 1703 3675; x_wconf 77' lang='lat'><strong>3227.</strong></span> <span class='ocrx_word' id='word_1_288' title='bbox 1761 3622 1926 3676; x_wconf 80' lang='lat'><strong>3483·</strong></span> <span class='ocrx_word' id='word_1_289' title='bbox 1986 3621 2132 3674; x_wconf 87' lang='grc'><strong>3624</strong></span> <span class='ocrx_word' id='word_1_290' title='bbox 2179 3612 2251 3666; x_wconf 69' lang='grc' dir='ltr'>ἃᾶ</span> <span class='ocrx_word' id='word_1_291' title='bbox 2297 3622 2468 3675; x_wconf 92' lang='grc'><strong>3649.</strong></span> 
     </span>
    </p>
   </div>
   <div class='ocr_carea' id='block_1_5' title="bbox 350 3697 2468 3845">
    <p class='ocr_par' dir='ltr' id='par_1_8' title="bbox 350 3697 2468 3845">
     <span class='ocr_line' id='line_1_34' title="bbox 350 3697 2468 3761; baseline -0.007 0"><span class='ocrx_word' id='word_1_292' title='bbox 350 3705 523 3761; x_wconf 89' lang='grc'><strong>4044.</strong></span> <span class='ocrx_word' id='word_1_293' title='bbox 571 3706 737 3759; x_wconf 83' lang='grc'><strong>4053·</strong></span> <span class='ocrx_word' id='word_1_294' title='bbox 785 3706 952 3758; x_wconf 69' lang='grc'><strong>4116·</strong></span> <span class='ocrx_word' id='word_1_295' title='bbox 1011 3704 1180 3756; x_wconf 87' lang='grc'><strong>4366.</strong></span> <span class='ocrx_word' id='word_1_296' title='bbox 1231 3701 1400 3754; x_wconf 84' lang='grc'><strong>4939.</strong></span> <span class='ocrx_word' id='word_1_297' title='bbox 1440 3700 1607 3751; x_wconf 74' lang='grc'><strong>5116·</strong></span> <span class='ocrx_word' id='word_1_298' title='bbox 1657 3699 1822 3750; x_wconf 84' lang='grc'><strong>5377-</strong></span> <span class='ocrx_word' id='word_1_299' title='bbox 1873 3698 2037 3751; x_wconf 83' lang='grc'><strong>5428-</strong></span> <span class='ocrx_word' id='word_1_300' title='bbox 2085 3697 2253 3751; x_wconf 86' lang='grc'><strong>5477.</strong></span> <span class='ocrx_word' id='word_1_301' title='bbox 2299 3699 2468 3751; x_wconf 88' lang='grc'><strong>9280.</strong></span> 
     </span>
     <span class='ocr_line' id='line_1_35' title="bbox 352 3766 2467 3845; baseline -0.005 -17"><span class='ocrx_word' id='word_1_302' title='bbox 352 3774 519 3841; x_wconf 87' lang='lat' dir='ltr'><strong>Quod</strong></span> <span class='ocrx_word' id='word_1_303' title='bbox 561 3792 669 3845; x_wconf 85' lang='lat' dir='ltr'><strong>per</strong></span> <span class='ocrx_word' id='word_1_304' title='bbox 711 3771 1266 3845; x_wconf 84' lang='lat' dir='ltr'><strong>correspondentias</strong></span> <span class='ocrx_word' id='word_1_305' title='bbox 1309 3768 1695 3838; x_wconf 78' lang='lat' dir='ltr'><strong>conjungatur</strong></span> <span class='ocrx_word' id='word_1_306' title='bbox 1734 3767 1980 3818; x_wconf 84' lang='lat' dir='ltr'><strong>mundus</strong></span> <span class='ocrx_word' id='word_1_307' title='bbox 2022 3766 2298 3819; x_wconf 87' lang='lat' dir='ltr'><strong>naturalis</strong></span> <span class='ocrx_word' id='word_1_308' title='bbox 2339 3784 2467 3819; x_wconf 87' lang='lat' dir='ltr'><strong>cum</strong></span> 
     </span>
    </p>
   </div>
   <div class='ocr_carea' id='block_1_6' title="bbox 349 3835 2472 3995">
    <p class='ocr_par' dir='ltr' id='par_1_9' title="bbox 349 3835 2472 3995">
     <span class='ocr_line' id='line_1_36' title="bbox 349 3835 2472 3921; baseline -0.004 -18"><span class='ocrx_word' id='word_1_309' title='bbox 349 3850 567 3903; x_wconf 86' lang='lat' dir='ltr'><strong>mundo</strong></span> <span class='ocrx_word' id='word_1_310' title='bbox 624 3849 946 3921; x_wconf 82' lang='lat' dir='ltr'><strong>spirituali,</strong></span> <span class='ocrx_word' id='word_1_311' title='bbox 1008 3865 1077 3899; x_wconf 81' lang='lat' dir='ltr'><strong>n:</strong></span> <span class='ocrx_word' id='word_1_312' title='bbox 1143 3855 1310 3905; x_wconf 89' lang='grc'><strong>8615.</strong></span> <span class='ocrx_word' id='word_1_313' title='bbox 1390 3835 1573 3907; x_wconf 78' lang='lat' dir='ltr'><strong>&#39;Quod</strong></span> <span class='ocrx_word' id='word_1_314' title='bbox 1627 3841 1759 3895; x_wconf 85' lang='lat' dir='ltr'><strong>inde</strong></span> <span class='ocrx_word' id='word_1_315' title='bbox 1812 3842 2081 3895; x_wconf 83' lang='lat' dir='ltr'><strong>universa</strong></span> <span class='ocrx_word' id='word_1_316' title='bbox 2143 3853 2345 3895; x_wconf 86' lang='lat' dir='ltr'><strong>natura</strong></span> <span class='ocrx_word' id='word_1_317' title='bbox 2398 3842 2472 3895; x_wconf 85' lang='lat' dir='ltr'><strong>sit</strong></span> 
     </span>
     <span class='ocr_line' id='line_1_37' title="bbox 351 3918 2469 3995; baseline -0.006 -15"><span class='ocrx_word' id='word_1_318' title='bbox 351 3928 640 3980; x_wconf 85' lang='lat' dir='ltr'><strong>theatrum</strong></span> <span class='ocrx_word' id='word_1_319' title='bbox 681 3923 1238 3995; x_wconf 80' lang='lat' dir='ltr'><strong>repraesentativum</strong></span> <span class='ocrx_word' id='word_1_320' title='bbox 1273 3920 1453 3992; x_wconf 81' lang='lat' dir='ltr'><strong>Regni</strong></span> <span class='ocrx_word' id='word_1_321' title='bbox 1486 3918 1745 3984; x_wconf 85' lang='lat' dir='ltr'><strong>Domini,</strong></span> <span class='ocrx_word' id='word_1_322' title='bbox 1789 3935 1856 3971; x_wconf 86' lang='lat' dir='ltr'><strong>n:</strong></span> <span class='ocrx_word' id='word_1_323' title='bbox 1900 3926 2068 3979; x_wconf 86' lang='grc'><strong>2758.</strong></span> <span class='ocrx_word' id='word_1_324' title='bbox 2104 3926 2270 3978; x_wconf 88' lang='grc'><strong>2999.</strong></span> <span class='ocrx_word' id='word_1_325' title='bbox 2303 3926 2469 3978; x_wconf 88' lang='lat'><strong>3000.</strong></span> 
     </span>
    </p>
   </div>
   <div class='ocr_carea' id='block_1_7' title="bbox 353 4004 2470 4143">
    <p class='ocr_par' dir='ltr' id='par_1_10' title="bbox 353 4004 2470 4143">
     <span class='ocr_line' id='line_1_38' title="bbox 353 4004 1957 4064; baseline -0.009 0"><span class='ocrx_word' id='word_1_326' title='bbox 353 4009 524 4064; x_wconf 88' lang='grc'><strong>4383.</strong></span> <span class='ocrx_word' id='word_1_327' title='bbox 569 4008 738 4061; x_wconf 88' lang='grc'><strong>4938.</strong></span> <span class='ocrx_word' id='word_1_328' title='bbox 782 4008 952 4061; x_wconf 88' lang='grc'><strong>4939.</strong></span> <span class='ocrx_word' id='word_1_329' title='bbox 989 4005 1155 4059; x_wconf 80' lang='grc'><strong>8848·</strong></span> <span class='ocrx_word' id='word_1_330' title='bbox 1194 4004 1361 4057; x_wconf 89' lang='grc'><strong>9280.</strong></span> <span class='ocrx_word' id='word_1_331' title='bbox 1953 4037 1957 4042; x_wconf 90' lang='grc'><strong>.</strong></span> 
     </span>
     <span class='ocr_line' id='line_1_39' title="bbox 509 4069 2470 4143; baseline -0.005 -13"><span class='ocrx_word' id='word_1_332' title='bbox 509 4077 598 4143; x_wconf 63' lang='grc' dir='ltr'><strong>(λ)</strong></span> <span class='ocrx_word' id='word_1_333' title='bbox 643 4075 807 4143; x_wconf 86' lang='lat' dir='ltr'><strong>Quod</strong></span> <span class='ocrx_word' id='word_1_334' title='bbox 850 4075 1041 4128; x_wconf 87' lang='lat' dir='ltr'><strong>omnia</strong></span> <span class='ocrx_word' id='word_1_335' title='bbox 1071 4076 1128 4125; x_wconf 86' lang='lat' dir='ltr'><strong>in</strong></span> <span class='ocrx_word' id='word_1_336' title='bbox 1169 4073 1444 4124; x_wconf 85' lang='lat' dir='ltr'><strong>universo</strong></span> <span class='ocrx_word' id='word_1_337' title='bbox 1486 4081 1598 4124; x_wconf 84' lang='lat' dir='ltr'><strong>tam</strong></span> <span class='ocrx_word' id='word_1_338' title='bbox 1629 4070 1812 4123; x_wconf 86' lang='lat' dir='ltr'><strong>Coelo</strong></span> <span class='ocrx_word' id='word_1_339' title='bbox 1847 4087 2016 4141; x_wconf 88' lang='lat' dir='ltr'><strong>quam</strong></span> <span class='ocrx_word' id='word_1_340' title='bbox 2044 4069 2280 4133; x_wconf 87' lang='lat' dir='ltr'><strong>mund0‚</strong></span> <span class='ocrx_word' id='word_1_341' title='bbox 2323 4085 2470 4141; x_wconf 87' lang='lat' dir='ltr'><strong>quae</strong></span> 
     </span>
    </p>
   </div>
   <div class='ocr_carea' id='block_1_8' title="bbox 352 4145 2469 4212">
    <p class='ocr_par' dir='ltr' id='par_1_11' title="bbox 352 4145 2469 4212">
     <span class='ocr_line' id='line_1_40' title="bbox 352 4145 2469 4212; baseline -0.006 -6"><span class='ocrx_word' id='word_1_342' title='bbox 352 4152 669 4206; x_wconf 78' lang='lat' dir='ltr'><strong>secundum</strong></span> <span class='ocrx_word' id='word_1_343' title='bbox 708 4151 974 4205; x_wconf 81' lang='lat' dir='ltr'><strong>ordinem</strong></span> <span class='ocrx_word' id='word_1_344' title='bbox 1019 4159 1180 4212; x_wconf 85' lang='lat' dir='ltr'><strong>sunt,</strong></span> <span class='ocrx_word' id='word_1_345' title='bbox 1245 4165 1305 4201; x_wconf 85' lang='lat' dir='ltr'><strong>se</strong></span> <span class='ocrx_word' id='word_1_346' title='bbox 1344 4147 1604 4200; x_wconf 83' lang='lat' dir='ltr'><strong>referant</strong></span> <span class='ocrx_word' id='word_1_347' title='bbox 1642 4145 1714 4198; x_wconf 85' lang='lat' dir='ltr'><strong>ad</strong></span> <span class='ocrx_word' id='word_1_348' title='bbox 1753 4146 1973 4199; x_wconf 89' lang='lat' dir='ltr'><strong>bonum</strong></span> <span class='ocrx_word' id='word_1_349' title='bbox 2014 4156 2073 4199; x_wconf 85' lang='lat' dir='ltr'><strong>et</strong></span> <span class='ocrx_word' id='word_1_350' title='bbox 2110 4161 2344 4207; x_wconf 86' lang='lat' dir='ltr'><strong>verum,</strong></span> <span class='ocrx_word' id='word_1_351' title='bbox 2397 4160 2469 4195; x_wconf 85' lang='lat' dir='ltr'><strong>n:</strong></span> 
     </span>
    </p>
   </div>
   <div class='ocr_carea' id='block_1_9' title="bbox 351 4219 2521 4375">
    <p class='ocr_par' dir='ltr' id='par_1_12' title="bbox 351 4219 2521 4375">
     <span class='ocr_line' id='line_1_41' title="bbox 351 4219 2521 4289; baseline -0.008 -2"><span class='ocrx_word' id='word_1_352' title='bbox 351 4236 519 4289; x_wconf 73' lang='lat'><strong>2451.</strong></span> <span class='ocrx_word' id='word_1_353' title='bbox 562 4236 733 4289; x_wconf 88' lang='grc'><strong>3166.</strong></span> <span class='ocrx_word' id='word_1_354' title='bbox 773 4236 943 4288; x_wconf 88' lang='grc'><strong>4390.</strong></span> <span class='ocrx_word' id='word_1_355' title='bbox 984 4233 1153 4286; x_wconf 89' lang='grc'><strong>4409.</strong></span> <span class='ocrx_word' id='word_1_356' title='bbox 1191 4231 1359 4284; x_wconf 83' lang='grc'><strong>5232.</strong></span> <span class='ocrx_word' id='word_1_357' title='bbox 1390 4231 1557 4283; x_wconf 86' lang='grc'><strong>7256.</strong></span> <span class='ocrx_word' id='word_1_358' title='bbox 1601 4229 1808 4282; x_wconf 88' lang='grc'><strong>10122.</strong></span> <span class='ocrx_word' id='word_1_359' title='bbox 1888 4221 1961 4275; x_wconf 88' lang='lat' dir='ltr'><strong>Et</strong></span> <span class='ocrx_word' id='word_1_360' title='bbox 1999 4220 2071 4274; x_wconf 84' lang='lat' dir='ltr'><strong>ad</strong></span> <span class='ocrx_word' id='word_1_361' title='bbox 2111 4219 2468 4287; x_wconf 78' lang='lat' dir='ltr'><strong>conjunctio·</strong></span> <span class='ocrx_word' id='word_1_362' title='bbox 2515 4245 2521 4255; x_wconf 90' lang='lat'>·</span> 
     </span>
     <span class='ocr_line' id='line_1_42' title="bbox 354 4299 1768 4375; baseline -0.001 -19"><span class='ocrx_word' id='word_1_363' title='bbox 354 4321 483 4357; x_wconf 83' lang='lat' dir='ltr'><strong>nem</strong></span> <span class='ocrx_word' id='word_1_364' title='bbox 529 4303 863 4375; x_wconf 77' lang='lat' dir='ltr'><strong>utriusque,</strong></span> <span class='ocrx_word' id='word_1_365' title='bbox 907 4314 972 4357; x_wconf 84' lang='lat' dir='ltr'><strong>ut</strong></span> <span class='ocrx_word' id='word_1_366' title='bbox 1014 4303 1126 4357; x_wconf 82' lang='lat' dir='ltr'><strong>sint</strong></span> <span class='ocrx_word' id='word_1_367' title='bbox 1165 4299 1405 4372; x_wconf 80' lang='lat' dir='ltr'><strong>aliquid,</strong></span> <span class='ocrx_word' id='word_1_368' title='bbox 1449 4317 1517 4352; x_wconf 86' lang='lat' dir='ltr'><strong>n:</strong></span> <span class='ocrx_word' id='word_1_369' title='bbox 1564 4305 1768 4358; x_wconf 83' lang='grc'><strong>10555.</strong></span> 
     </span>
    </p>
   </div>
  </div>
 </body>
</html>
