3013 5114
285 3596 292 3604 ι
346 3597 533 3607 Ἀ.-

591 410 687 464 ΒΕ
730 409 1209 467 SAPIENTIBUS
1250 412 1348 466 ET
1386 413 1824 469 SIMPLICIBUS
1866 412 1937 468 IN
1981 412 2236 474 COELO.
2367 426 2475 478 201

344 576 415 628 ut
467 585 642 644 vera,
700 570 818 628 imo
883 585 1017 628 cum
1078 569 1427 629 confirmata
1486 577 1656 646 sunt,
1711 580 1966 649 possunt
2024 574 2470 652 splendescere,

348 688 468 730 non
506 676 708 729 autem
745 673 806 729 in
841 670 977 729 luce
1029 671 1198 730 coeli.
1278 672 1370 730 Ex
1403 671 1518 732 hoc
1558 672 1795 733 Genere
1831 676 2024 734 minus
2059 675 2474 753 Intelligentes

346 778 409 831 et
446 770 768 848 Sapientes
814 778 955 829 sunt
1003 774 1105 847 qui
1150 787 1217 832 se
1272 754 1534 831 multum*
1579 773 2108 851 confirmaverunt,
2170 783 2230 836 at
2280 780 2475 854 magis

343 871 753 949 intelligentes
794 879 853 930 et
892 875 1198 949 sapientes
1236 875 1338 949 qui
1388 891 1455 933 se
1501 892 1735 951 parum.
1822 874 1914 933 Ex
1952 876 2044 934 his
2082 885 2289 953 patet;
2336 878 2476 954 quid

346 976 559 1051 spuria
591 972 999 1050 Intelligentia
1026 980 1087 1032 et
1116 971 1442 1051 Sapientia.
1502 974 1625 1035 Sed
1671 993 1745 1034 ex
1780 975 1892 1035 hoc
1932 994 2151 1052 genere
2183 997 2299 1037 non
2335 985 2474 1037 sunt

345 1073 469 1148 illi,
526 1076 629 1150 qui
664 1077 724 1132 in
762 1076 1022 1150 pueritia
1057 1080 1525 1135 autumaverunt
1557 1093 1701 1135 vera
1739 1092 1874 1135 esse
1913 1094 2066 1154 quae
2102 1096 2139 1137 a
2175 1082 2474 1156 magistris

349 1174 739 1246 audiverunt,
795 1178 849 1234 si
901 1175 1342 1252 injuventute,
1408 1177 1647 1253 quando
1688 1194 1762 1236 ex
1815 1194 1924 1256 suo
1966 1178 2270 1240 intellectu
2308 1182 2474 1257 cogi-

350 1281 497 1348 tant,
544 1293 664 1335 non
709 1276 829 1335 illis
876 1276 1217 1352 inhaerent,
1274 1276 1385 1335 sed
1422 1278 1765 1337 desiderant
1814 1296 2052 1353 verum,
2111 1288 2170 1339 et
2207 1298 2278 1338 ex
2318 1280 2479 1340 desi-

352 1377 518 1435 derio
556 1378 866 1454 inquirunt
909 1377 1089 1451 illud,
1144 1387 1203 1436 et
1238 1394 1373 1436 cum
1421 1381 1762 1454 inveniunt,
1819 1380 2070 1438 interius
2109 1381 2473 1455 afficiuntur3

347 1477 412 1536 hi
456 1480 596 1554 quia
648 1477 988 1538 afficiuntur
1031 1495 1175 1537 vero
1234 1485 1482 1555 propter
1528 1497 1779 1551 verum,
1818 1479 2021 1538 vident
2054 1499 2264 1540 verum
2303 1488 2477 1540 ante-

350 1596 533 1654 quam
571 1579 918 1637 confirmant
957 1564 1111 1670 (xx).
1200 1578 1547 1638 Illustretur
1594 1580 1708 1640 hoc
1761 1597 1871 1655 per
1920 1582 2294 1658 exemplum,
2354 1590 2482 1640 erat

355 1695 552 1737 sermo
596 1681 748 1738 inter
800 1682 1049 1756 spiritus
1066 1723 1081 1752 ,
1149 1680 1306 1738 unde
1360 1682 1439 1738 sit
1501 1680 1660 1756 quod
1713 1680 1992 1739 animalia
2047 1690 2370 1741 nascantur
2421 1685 2480 1740 in

352 1797 584 1838 omnem
618 1783 930 1840 scientiam
974 1783 1202 1839 naturis
1240 1782 1365 1838 suis
1409 1766 1797 1855 conformem,
1864 1799 1982 1839 non
2027 1791 2227 1841 autem
2278 1783 2475 1858 homo,

351 1887 413 1940 et
449 1880 669 1940 dictum
719 1889 814 1940 est
860 1883 1019 1959 quod
1071 1897 1257 1940 causa
1303 1883 1405 1956 sit,
1463 1884 1604 1957 quia
1652 1880 1932 1939 animalia
1978 1885 2036 1939 in
2086 1883 2290 1941 ordine
2329 1900 2476 1943 suae
2570 1928 2573 1931 1

345 1983 508 2040 vitae
546 1988 703 2057 sunt,
743 2000 860 2040 non
898 1975 1097 2042 autem
1135 1981 1332 2050 home,
1370 1999 1555 2058 quare
1591 1983 1643 2040 is
1684 1981 2048 2066 intordinem
2102 1983 2474 2042 Inducendus

347 2087 442 2140 est
478 2100 589 2159 per
642 2086 1011 2159 cognitiones
1063 2090 1122 2141 et
1169 2085 1490 2157 scientias3
1561 2089 1624 2140 at
1669 2085 1721 2140 si
1775 2081 1952 2141 homo
2011 2091 2363 2143 nasceretur
2414 2086 2475 2142 in

347 2183 618 2242 ordinem
654 2200 802 2242 suae
851 2187 1042 2257 vitae,
1100 2186 1201 2260 qui
1249 2190 1345 2242 est
1392 2201 1596 2243 amare
1646 2183 1844 2245 Deum
1897 2200 2084 2260 supra
2134 2187 2359 2259 omnia,
2418 2191 2479 2244 et

345 2287 685 2361 proximum
723 2287 879 2344 sicut
906 2291 1122 2357 semet,
1174 2284 1331 2360 quod
1367 2287 1418 2342 is
1448 2293 1798 2344 nasceretur
1838 2287 1898 2341 in
1936 2286 2390 2362 intelligentiam
2421 2294 2480 2345 et

343 2386 742 2461 sapientiam,
794 2393 854 2445 et
900 2385 1036 2445 inde
1086 2402 1326 2461 quoque
1377 2387 1435 2442 in
1474 2378 1662 2443 'fidem
1711 2387 1900 2443 omnis
1955 2389 2111 2460 veri,
2191 2393 2478 2461 quantum

346 2488 720 2563 cognitiones
781 2486 1108 2563 accedunt3
1164 2488 1411 2573 spiritus
1468 2485 1608 2544 boni
1659 2485 1789 2564 hoc,
1831 2487 2032 2543 statim
2086 2486 2368 2556 viderunt
2422 2495 2483 2545 et

346 2595 754 2664 perceperunt
792 2589 955 2664 quod
1003 2589 1087 2646 ita
1136 2593 1325 2662 esset,
1394 2594 1454 2645 et
1502 2586 1617 2644 hoc
1668 2587 1862 2645 solum
1915 2602 1987 2643 ex
2024 2586 2159 2645 luce
2195 2590 2359 2661 veri3
2420 2595 2483 2645 at

350 2689 599 2763 spiritus
653 2691 760 2763 qui
808 2706 873 2748 se
920 2688 1418 2747 confirmaverunt
1452 2690 1512 2745 in
1559 2688 1690 2745 sola
1734 2686 1886 2758 fide,
1945 2693 2004 2745 et
2050 2686 2187 2747 inde
2242 2688 2480 2764 rejece-

349 2793 492 2846 runt
537 2788 612 2846 ad
647 2789 805 2848 latus
844 2807 1106 2848 amorem
1161 2795 1219 2847 et
1270 2788 1652 2863 charitatem,
1709 2788 1768 2846 id
1818 2805 1934 2847 non
1984 2787 2317 2866 intelligere
2366 2808 2481 2865 po-

353 2895 630 2959 tuerunt,
686 2892 829 2966 quia
864 2890 969 2951 lux
1005 2889 1143 2948 falsi
1181 2889 1515 2948 confirmati
1549 2889 1710 2965 apud
1745 2888 1882 2948 illos
1920 2886 2347 2949 obscuraverat
2382 2890 2481 2947 lu-

347 3005 482 3049 cem
516 2992 661 3049 veri.

506 3117 669 3176 353.
725 3116 909 3175 Falsa
942 3116 1349 3192 Intelligentia
1384 3123 1445 3175 et
1481 3114 1794 3192 Sapientia
1830 3101 1923 3175 est
1959 3119 2149 3175 omnis
2191 3134 2347 3192 quae
2387 3124 2480 3175 est

346 3216 578 3292 absque
629 3220 931 3293 agnitione
986 3218 1222 3286 Divini,
1278 3219 1379 3293 qui
1420 3220 1577 3276 enim
1627 3235 1742 3277 non
1797 3225 2129 3292 agnoscunt
2174 3218 2477 3291 Divinum,

343 3316 457 3377 sed
489 3335 601 3394 pro
643 3318 859 3376 Divino
894 3324 1200 3390 naturam,
1253 3315 1338 3375 illi
1377 3334 1582 3376 omnes
1623 3335 1692 3377 ex
1731 3317 1998 3375 sensuali
2045 3334 2334 3392 corporeo
2371 3333 2478 3374 co-

342 3420 574 3494 gitant,
629 3424 689 3477 et
723 3425 864 3477 sunt
913 3435 1077 3477 mere
1123 3418 1473 3493 sensuales,
1529 3424 1831 3500 utcunque
1869 3417 2084 3475 eruditi
2127 3425 2188 3474 et
2229 3415 2386 3475 docti
2420 3418 2481 3472 in

500 3704 622 3768 (xx)
668 3702 834 3769 Quod
874 3707 1148 3777 sapientis
1191 3707 1263 3761 sit
1303 3706 1504 3760 videre
1543 3716 1599 3759 et
1632 3706 1939 3778 percipere
1977 3723 2113 3759 num
2156 3703 2228 3757 sit
2270 3722 2479 3757 verum

341 3778 686 3851 priusquam
730 3781 1137 3846 confirmatur,
1206 3778 1322 3835 non
1376 3793 1566 3836 autem
1622 3781 1967 3835 confirmare
2022 3780 2179 3854 quod
2233 3779 2304 3833 ab
2346 3781 2478 3833 aliis

343 3855 593 3913 dicitur.
651 3875 726 3910 n:
783 3866 950 3918 1017.
1009 3866 1178 3919 4741.
1238 3868 1403 3919 7012.
1461 3864 1631 3917 7680.
1688 3865 1852 3917 7950.
1949 3856 2114 3923 Quod
2169 3856 2371 3910 videre
2426 3867 2481 3909 et

342 3931 656 4003 percipere
696 3951 835 3987 num
876 3953 1079 3989 verum
1124 3934 1197 3987 sit
1238 3939 1546 4006 antequam
1601 3934 2027 3998 confirmatur-s
2078 3931 2265 3987 solum
2305 3934 2482 3987 detur

344 4006 499 4077 apud
541 4007 673 4063 illos
715 4010 817 4082 qui
858 4010 1195 4063 afficiuntur
1224 4028 1367 4065 vero
1398 4020 1646 4082 propter
1673 4028 1876 4064 verum
1911 4022 1968 4063 et
2001 4020 2247 4084 propter
2280 4009 2478 4072 vitam,

389 4089 611 4144 ·8521.
695 4084 860 4151 Quod
888 4087 983 4139 lux
1012 4086 1471 4140 confirmationis
1500 4086 1575 4139 sit
1603 4086 1699 4138 lux
1740 4087 2018 4140 naturalis
2059 4097 2116 4140 et
2156 4104 2273 4139 non
2315 4084 2482 4156 spiri-

343 4158 551 4222 malie,
613 4171 671 4214 et
724 4163 886 4234 quod
939 4163 1013 4216 sit
1065 4162 1161 4214 lux
1219 4163 1532 4226 sensualia,
1595 4162 1808 4216 dabilis
1870 4164 2039 4217 etiam
2081 4162 2233 4250 apud
2277 4160 2480 4222 malea,

343 4251 415 4285 1¹·
460 4241 627 4297 8780·
707 4237 874 4304 Quod
918 4238 1144 4300 omnia,
1190 4240 1363 4292 etiam
1414 4239 1557 4293 falsa
1599 4238 1936 4291 confirmari
1977 4239 2237 4310 possint,
2281 4246 2344 4288 ut
2387 4253 2481 4305 ap-

340 4323 586 4381 pareant
627 4313 776 4369 siout
815 4332 976 4380 vera,
1020 4329 1090 4376 τις
1136 4321 1308 4377 2482
1352 4322 1523 4378 2490
1570 4322 1739 4376 5033
1785 4322 1954 4375 6865
2007 4321 2172 4374 8521·
