3013 5114
990 465 994 472 .
1064 386 1196 469 SO'L
1240 416 1311 469 IN
1360 416 1611 470 conto.
2360 432 2428 477 υς,

304 577 564 649 buntur,
618 579 679 633 et
720 570 941 634 stellae
977 575 1296 638 retrahent
1333 574 1727 656 splendorem
1766 594 1956 637 suum
1970 597 1999 649 ,·
2054 575 2169 640 Sol
2217 584 2426 640 verte-

305 683 413 738 tur
451 675 526 735 in
564 676 872 746 tenebras,
930 680 989 735 et
1024 672 1220 736 Luna
1258 676 1328 737 in
1371 678 1819 756 sanquinemf‘
1873 678 2013 737 Joe‘l
2048 678 2143 738 H:
2205 682 2263 737 2.
2316 682 2423 738 10.

313 779 421 837 31.
462 776 620 852 Cap:
657 775 780 835 IV:
830 780 937 836 15.
995 774 1159 850 „Sol
1184 779 1412 857 factus
1451 784 1550 837 est
1582 778 1766 856 m‘yer
1805 778 1972 838 siout
2013 798 2236 840 saccus
2252 777 2429 860 pilo-

305 895 447 951 sue,
497 883 559 936 et
582 875 779 937 Luna
801 877 994 957 saeta
1020 884 1116 937 est
1149 877 1317 940 sicut
1353 879 1627 958 sanquis
1648 923 1665 948 ,
1718 884 1776 937 et
1815 877 2037 940 stellae
2070 879 2425 941 ceciderunt

302 979 373 1037 in
397 979 709 1051 terr-amf‘
759 978 947 1053 Apoe:
986 977 1092 1036 VI:
1139 982 1246 1036 12.
1274 979 1453 1056 [13]
1513 978 1803 1054 „Statim
1831 987 1985 1058 post
2010 979 2429 1060 afflictionem

307 1077 560 1139 dierum
595 1077 870 1138 istorum
896 1074 1010 1138 Sol
1047 1079 1499 1154 obscurabitur,
1549 1089 1604 1140 et
1630 1079 1826 1141 Luna
1852 1099 1977 1139 non
2014 1079 2193 1141 dabit
2232 1064 2429 1141 lucem

306 1197 526 1252 suam,
580 1185 642 1238 et
679 1175 901 1238 stellae
937 1179 1163 1241 cadent
1203 1179 1282 1239 de
1322 1178 1521 1253 Coelo,
1537 1183 1574 1213 (ί
1611 1181 1836 1240 Matth:
1888 1181 2141 1239 XXIV:
2200 1183 2309 1256 29,
2367 1189 2428 1239 et
2481 1190 2484 1193 “
2591 1178 2600 1185 '

307 1279 479 1354 alibi3
537 1282 598 1336 in
633 1279 751 1337 illis
800 1278 947 1337 locis
997 1298 1108 1357 per
1146 1281 1350 1341 Solem
1399 1282 1768 1357 significatur
1805 1299 1998 1355 amor,
2059 1289 2117 1341 et
2151 1297 2262 1357 per
2298 1281 2424 1340 Lu-

306 1398 445 1438 nam
478 1379 656 1454 fides,
717 1387 776 1438 et
810 1397 920 1457 per
956 1381 1163 1440 stellas
1212 1385 1579 1458 cognitiones
1619 1383 1757 1441 boni
1797 1389 1857 1441 et
1894 1384 2022 1440 veri
2051 1378 2173 1463 (aa)
2195 1400 2211 1456 ;
2270 1401 2424 1459 quae

307 1480 589 1538 dicuntur
637 1482 846 1550 atrari,
901 1484 1173 1542 amittere
1225 1483 1451 1558 lucem,
1517 1490 1577 1542 et
1622 1484 1836 1543 cadere
1890 1484 1962 1542 de
2010 1482 2220 1557 Coele,
2288 1500 2426 1543 cum

306 1599 424 1640 non
463 1564 724 1657 amplius
761 1590 920 1640 sunt.
1006 1582 1183 1657 Quod
1220 1584 1510 1643 Dominus
1546 1591 1612 1642 ut
1649 1583 1754 1644 Sol
1788 1585 1850 1642 in
1888 1583 2070 1643 Coelo
2109 1591 2420 1661 appareat,

307 1688 543 1741 constat
587 1699 823 1757 quoque
877 1682 951 1740 ab
996 1682 1139 1759 Ipso
1189 1685 1609 1743 transformato
1659 1702 1858 1743 eoram
1903 1685 2114 1759 Petro,
2170 1685 2423 1759 Jacobo‚

309 1790 369 1842 et
398 1782 703 1871 johanne,
748 1782 962 1861 „quod
974 1783 1190 1860 facies
1227 1782 1453 1863 Ipsius
1475 1781 1750 1864 fulserat
1785 1785 1953 1845 sicut
1991 1782 2174 1860 Solf‘
2210 1785 2423 1845 Matth:

307 1883 523 1942 XVII:
583 1887 653 1957 23
711 1886 797 1942 sic
834 1884 1128 1943 Dominus
1167 1887 1332 1943 visus
1384 1892 1476 1943 est
1524 1885 1833 1961 discipulis
1883 1885 2039 1955 illis,
2101 1902 2237 1945 eum
2276 1885 2425 1944 sub-

308 1985 471 2043 ducti
520 2002 557 2042 a
606 2001 857 2061 corpore
907 1992 1103 2058 erant,
1177 1992 1235 2045 et
1290 1987 1351 2043 in
1399 1985 1534 2044 luce
1593 1985 1762 2044 coeli.
1843 1984 1991 2044 Inde
2048 1992 2209 2060 erat,
2268 1985 2427 2061 quod

310 2085 584 2161 Antiqui,
647 2086 809 2161 apud
857 2102 1006 2161 quos
1056 2086 1330 2146 Ecclesia
1377 2087 1898 2163 repraesentativa
1947 2086 2093 2155 fuit,
2141 2087 2427 2145 verterim

308 2186 553 2255 faciem,
606 2202 742 2245 eum
776 2188 836 2244 in
873 2186 1093 2245 Divino
1135 2188 1301 2246 cultu
1339 2195 1534 2262 erant,
1587 2187 1663 2245 ad
1700 2186 1902 2246 Solem
1940 2189 1999 2245 in
2036 2189 2295 2247 oriente:
2352 2205 2427 2247 ex

307 2285 426 2345 illis
469 2292 594 2359 est,
653 2288 813 2363 quod
841 2286 1110 2363 Templis
1148 2289 1421 2347 dederint
1458 2295 1771 2365 aspectum
1808 2305 2020 2348 vorsus
2058 2290 2364 2348 orientem.

469 2390 631 2446 120.
708 2387 980 2462 Quantus
1033 2395 1093 2447 et
1155 2389 1345 2465 qualis
1395 2389 1654 2447 Divinus
1715 2391 1898 2448 Amor
1961 2397 2082 2462 est,
2148 2396 2424 2447 constare

307 2494 512 2564 potest
550 2506 625 2547 ex
663 2491 1107 2567 comparatione
1138 2507 1270 2548 cum
1307 2490 1436 2548 sole
1478 2490 1710 2559 mundi,
1762 2489 1918 2566 quod
1950 2489 2422 2564 ardentissimu3‚

310 2592 457 2648 etsi
505 2591 751 2649 credere
801 2590 999 2649 velitis
1014 2635 1033 2665 ‚
1099 2591 1283 2649 multo
1334 2591 1670 2648 ardentior:
1728 2596 2097 2666 quapropter
2131 2589 2428 2648 Dominus

310 2698 374 2748 ut
422 2689 528 2750 Sol
582 2709 698 2750 non
750 2692 939 2749 influit
986 2691 1326 2750 immediate
1380 2693 1440 2749 in
1491 2689 1736 2764 Coe-loe,
1807 2690 1915 2748 sed
1970 2689 2147 2749 ardor
2203 2691 2423 2748 amoris

306 2791 509 2868 Ipsius
547 2799 915 2867 temperatur
950 2794 1010 2851 in
1053 2795 1153 2850 via
1188 2810 1296 2868 per
1340 2791 1595 2868 gradus;
1651 2797 2092 2868 temperaturae
2130 2797 2426 2867 apparent

308 2902 375 2951 ut
410 2893 651 2970 cingula
685 2893 926 2951 radiosa
962 2895 1184 2953 circum
1222 2891 1442 2951 solem:
1498 2899 1559 2952 et
1595 2894 1839 2969 insuper
1874 2891 2093 2970 Angeli
2129 2891 2422 2951 obvelan-

306 3000 401 3050 tur
460 2996 625 3051 tenui
679 2996 1070 3053 conveniente
1120 2995 1309 3068 nube,
1365 3012 1441 3053 ne
1494 2994 1812 3053 laedantur
1866 2993 1941 3052 ab
1990 2994 2214 3051 influxu
2261 2989 2427 3075 (bb):·

307 3094 533 3152 distant
577 3093 713 3152 ideo
753 3093 920 3153 Coeli
967 3094 1293 3153 secundum
1341 3097 1778 3171 receptionem3
1842 3093 2009 3154 Coeli
2056 3095 2422 3170 superiorem,

307 3197 448 3271 quia
500 3196 561 3251 in
612 3194 768 3253 bono
824 3197 1038 3253 amoris
1101 3204 1270 3268 sunt,
1341 3196 1596 3254 Domino
1649 3202 1716 3254 ut
1765 3195 1892 3255 Soli
1936 3196 2194 3271 proximi
2248 3201 2423 3271 sunt3

310 3294 478 3354 Coeli
522 3303 722 3353 autem
770 3297 1102 3369 inferioreS,
1144 3298 1284 3371 quia
1331 3299 1389 3354 in
1426 3297 1582 3354 bono
1619 3296 1775 3372 fidei,
1815 3296 1889 3353 ab
1925 3295 2039 3353 Illo
2074 3297 2427 3354 remotiores

308 3401 483 3455 sunt:
541 3398 640 3471 qui
677 3403 875 3457 autem
914 3399 973 3454 in
1011 3397 1177 3456 nullo
1214 3397 1371 3456 bono
1413 3404 1585 3466 sunt,
1640 3403 1705 3456 ut
1742 3398 1842 3473 qui
1872 3385 1980 3484 [in]
2019 3394 2270 3470 inferno,
2321 3410 2421 3453 re-

461 3635 580 3700 (aa)
625 3633 789 3699 Quod
833 3634 1030 3688 stellae
1078 3644 1134 3687 et
1184 3634 1373 3688 sidera
1415 3635 1473 3686 in
1524 3634 1725 3686 Verbo
1781 3632 2106 3706 significent
2145 3631 2429 3705 cognitio-

306 3727 407 3764 nes
447 3709 591 3763 boni
637 3721 693 3763 et
732 3710 889 3774 veri,
932 3728 1002 3762 n:
1047 3701 1213 3771 2495.
1259 3718 1425 3771 2849.
1470 3717 1641 3770 4697.

460 3786 595 3851 (bb)
638 3787 837 3863 Qualis
874 3796 931 3839 et
979 3797 1226 3857 quantus
1272 3786 1516 3838 Divinus
1554 3789 1737 3838 Amor
1781 3785 2033 3848 Domini,
2079 3785 2428 3839 illustratum

290 3879 414 3932 ‘per
442 3863 937 3933 comparationem
967 3880 1096 3914 cum
1126 3863 1257 3933 igne
1296 3861 1452 3916 Solis
1483 3861 1702 3926 mundi,
1748 3879 1815 3915 n:
1861 3868 2028 3922 6834.
2060 3869 2228 3923 6844.
2260 3869 2427 3922 6849.

304 3938 474 4016 Quod
518 3939 761 3991 Divinus
796 3938 977 3990 Amor
1015 3938 1247 3990 Domini
1292 3939 1366 3992 sit
1410 3955 1576 3990 arnor
1618 3955 1754 4009 erga
1792 3956 1963 3992 omne
2010 3955 2188 4010 genus
2233 3941 2430 3993 huma-

301 4031 439 4066 num
488 4014 561 4067 ad
609 4014 945 4068 salvandum
993 4013 1168 4077 illud,
1224 4032 1294 4066 n:
1352 4022 1521 4075 1820.
1568 4021 1733 4075 1865·
1777 4019 1948 4075 2253.
1999 4023 2167 4076 6872.
2252 4012 2426 4091 Quod

300 4106 465 4142 amor
524 4091 786 4163 proxime
842 4090 1166 4161 procedens
1211 4090 1283 4143 ab
1334 4090 1463 4161 igne
1517 4091 1733 4145 amoris
1788 4091 2020 4144 Domini
2077 4108 2193 4143 non
2250 4090 2430 4143 intret

300 4166 561 4229 coelum,
620 4167 718 4219 sed
746 4165 905 4238 quod
942 4176 1218 4237 appareat
1257 4167 1476 4219 circum
1509 4168 1688 4220 solem
1723 4167 1872 4221 sicut
1905 4167 2133 4240 cingula
2174 4166 2428 4229 radiosa,

298 4258 366 4294 n:
412 4250 579 4301 7270.
664 4241 833 4319 Quod
876 4243 1049 4294 etiam
1095 4244 1294 4313 Angeii
1338 4242 1691 4296 obvelentur
1733 4243 1891 4296 tenui
1927 4242 2427 4313 correspondent·

296 4317 484 4382 nube,
532 4336 602 4371 ue
644 4317 946 4371 laedantur
988 4318 1059 4370 ab
1103 4316 1320 4370 influxu
1362 4317 1622 4371 ardentis
1663 4320 1921 4383 amoris,
1966 4337 2035 4370 nt
2080 4325 2250 4378 6849.

400 4409 825 4464 Swedenborg,
862 4412 928 4450 De
961 4410 1102 4451 Coelo
1133 4417 1177 4450 et
1202 4389 1410 4496 'lusor-go.
1968 4423 1999 4459 4)
