3013 5114
329 415 538 472 HOMO
583 413 769 470 POST
810 413 1116 470 MORTEM
1156 414 1293 473 EST
1337 415 1595 483 QUALIS
1635 416 1807 472 EJUS
1856 416 2027 475 VITA
2074 419 2257 479 FUIT.
2341 431 2447 483 291

324 595 401 637 ex
438 575 570 635 sola
614 573 765 644 fide,
821 572 1271 651 qualescunque
1321 575 1521 652 quoad
1559 578 1743 636 vitam
1795 586 1964 655 sunt,
2023 586 2082 638 et
2131 580 2290 657 quod
2333 599 2452 640 non

325 681 520 738 sciant
555 674 718 752 quod
757 675 979 733 Divina
1014 675 1427 735 Misericordia
1467 679 1548 735 sit
1582 677 1871 755 mediata,
1915 687 1974 740 et
2013 681 2169 758 quod
2209 684 2286 740 sit
2313 683 2453 743 duci

325 797 365 838 a
403 779 661 837 Domino
699 782 820 834 tam
856 777 917 835 in
970 776 1186 835 mundo
1230 795 1407 853 quam
1443 784 1660 855 postea
1694 781 1755 838 in
1792 793 2130 853 aeternum,
2188 791 2250 842 et
2290 782 2451 859 quod

327 881 626 938 ducantur
662 895 735 936 ex
772 877 1184 936 Misericordia
1224 881 1326 955 qui
1363 897 1482 937 non
1518 881 1730 939 vivunt
1765 884 1824 940 in
1859 883 2045 959 malo;
2083 901 2196 942 nec
2237 885 2446 958 sciant,

328 979 494 1058 quod
526 978 675 1037 fides
711 982 784 1037 sit
824 977 1058 1038 affectio
1098 983 1226 1038 veri
1261 979 1595 1056 procedens
1635 999 1706 1041 ex
1747 1000 1946 1041 amore
1985 985 2234 1044 coelesti
2275 987 2374 1062 qui
2413 1002 2450 1042 a

327 1081 603 1140 Domino.

485 1203 650 1260 481.
694 1197 887 1274 Quod
922 1199 1103 1260 homo
1138 1201 1209 1262 in
1244 1197 1499 1262 Goelum
1531 1203 1769 1273 veniat,
1805 1205 1911 1264 cui
1951 1224 2132 1266 amor
2165 1201 2450 1266 coelestis

321 1308 386 1364 et
431 1297 808 1381 spirituali-s·
855 1307 991 1373 est;
1057 1320 1134 1362 ac
1171 1302 1241 1363 in
1284 1302 1609 1382 infernum
1653 1305 1760 1366 oui
1804 1324 1987 1365 amor
2022 1324 2356 1385 corporeus
2390 1311 2451 1366 et

325 1401 695 1464 mundanus
730 1402 958 1482 absque
991 1400 1244 1466 coelesti
1275 1410 1335 1464 et
1370 1403 1735 1483 spirituali,
1776 1414 2051 1467 constare
2088 1408 2231 1466 mihi
2256 1408 2453 1483 potuit

326 1524 404 1565 ex
456 1504 729 1564 omnibus
778 1502 933 1580 quos
980 1503 1103 1562 vidi
1156 1508 1214 1563 in
1275 1504 1520 1566 Coelum
1563 1505 1864 1582 sublatae„
1940 1517 2001 1567 et
2051 1511 2111 1567 in
2154 1510 2449 1567 infernum

322 1607 659 1684 conjectos3
714 1605 865 1680 illis,
922 1608 1025 1681 qui
1071 1607 1132 1663 in
1183 1606 1418 1665 coelum
1469 1608 1692 1667 sublati
1736 1616 1902 1683 sunt,
1961 1611 2080 1668 vita
2122 1611 2319 1669 suerat
2374 1627 2450 1668 ex

330 1724 536 1766 amore
572 1707 823 1766 coelesti
862 1723 930 1764 ac
967 1707 1293 1782 spirituali,
1344 1708 1462 1767 illis
1492 1710 1721 1781 autem,
1760 1713 1861 1786 qui
1892 1712 1952 1768 in
1980 1712 2274 1769 infernum
2296 1727 2446 1769 con·

313 1809 470 1886 jecti
511 1815 678 1882 sunt,
735 1810 859 1866 vita
895 1807 1091 1866 fuerat
1124 1824 1201 1866 ex
1238 1826 1439 1869 amore
1484 1826 1772 1886 corporeo
1812 1819 1870 1870 et
1898 1811 2228 1870 mundano:
2285 1827 2452 1871 amor

324 1909 608 1969 coelestis
668 1915 759 1967 est
806 1925 1008 1965 amare
1067 1907 1316 1981 bonum,
1373 1913 1708 1981 sincerum,
1765 1917 1823 1969 et
1861 1912 2124 1989 justum,
2181 1913 2320 1988 quia
2359 1916 2453 1970 est

323 2010 584 2079 bonum,
636 2011 963 2081 sincerum,
1021 2016 1079 2066 et
1123 2009 1387 2084 justum,
1446 2018 1506 2070 et
1555 2029 1630 2069 ex
1676 2011 1780 2070 illo
1829 2029 2032 2070 amore
2077 2012 2276 2070 facere
2327 2010 2452 2085 illa,

322 2109 463 2169 inde
499 2109 616 2168 illis
655 2111 779 2167 vit-a
812 2110 987 2183 boni,
1055 2111 1273 2169 sinceri
1312 2119 1371 2170 et
1397 2113 1580 2189 justi,
1644 2130 1799 2188 quae
1839 2120 1931 2171 est
1972 2114 2095 2179 vita
2131 2111 2450 2188 coelestis;

324 2214 429 2288 qui
471 2211 578 2270 illa
626 2219 827 2268 amant
874 2216 1121 2286 propter
1166 2210 1297 2288 illa,
1361 2230 1431 2272 ac
1477 2209 1701 2272 faciunt
1744 2214 1849 2272 illa
1905 2231 2014 2272 scu
2074 2215 2284 2272 vivunt
2327 2212 2453 2283 illa,

319 2314 506 2371 etiam
542 2320 742 2370 amant
786 2312 1106 2393 Dominum
1148 2330 1333 2390 supra
1381 2318 1611 2386 omnia,
1673 2318 1812 2391 quia
1853 2315 1928 2373 ab
1970 2315 2113 2390 Ipso
2157 2321 2328 2389 sunt,
2388 2320 2465 2386 et⁸

324 2403 566 2489 quoque
603 2420 805 2471 amant
840 2413 1208 2489 proximum,
1263 2418 1402 2490 quia
1439 2415 1544 2473 illa
1588 2422 1730 2473 sunt
1756 2418 2062 2490 proximus
2103 2417 2204 2489 qui
2237 2431 2448 2472 aman-

320 2514 440 2574 dus
473 2510 589 2596 (q):
634 2531 800 2573 amor
832 2522 1032 2574 autem
1056 2529 1381 2592 corporeus
1410 2522 1504 2575 est
1531 2532 1731 2574 amare
1766 2515 2020 2587 bonum,
2056 2517 2352 2574 sincerum
2389 2518 2452 2572 et

477 2785 571 2857 (q)
616 2784 784 2862 Quod
828 2784 1110 2837 Dominus
1153 2784 1209 2836 in
1254 2802 1526 2855 supremo
1572 2801 1742 2838 sensu
1789 2784 1863 2838 sit
1914 2784 2248 2849 ProximuS‚
2315 2785 2450 2857 quia

324 2862 433 2914 lile
475 2877 653 2933 super
699 2862 890 2913 omnia
932 2860 1206 2913 amandus
1254 2872 1371 2927 θεῖς
1433 2862 1532 2914 sed
1584 2877 1776 2913 amare
1821 2862 2128 2913 Dominum
2177 2861 2333 2933 quod
2377 2862 2453 2914 sit

320 2954 517 2990 amare
553 2938 611 2990 id
648 2939 803 3009 quod
840 2937 912 2990 ab
950 2939 1083 3010 ipso
1118 2950 1235 3001 est,
1281 2938 1416 3009 quia
1444 2937 1503 2989 in
1537 2938 1695 2991 omni
1727 2938 1885 3009 quod
1910 2937 1982 2991 ab
2020 2939 2153 3009 Ipso
2183 2948 2269 2991 est
2294 2938 2448 3010 lpse,

320 3014 402 3066 ita
437 3014 654 3066 honum
701 3023 759 3067 et
804 3031 1040 3078 verum,
1097 3031 1168 3067 na
1213 3020 1382 3074 2425.
1422 3021 1588 3074 3419.
1643 3022 1809 3074 6706·
1848 3023 2014 3075 6711.
2065 3021 2232 3075 6819.
2274 3021 2449 3075 6823.

323 3098 495 3150 8123.
578 3088 747 3168 Quod
785 3106 977 3141 amare
1009 3088 1227 3141 honum
1260 3099 1316 3143 et
1349 3107 1586 3154 verum,
1628 3108 1774 3162 quae
1812 3090 1884 3144 ab
1921 3087 2092 3163 lpse,
2138 3091 2214 3145 sit
2245 3090 2450 3144 vivere

324 3166 642 3220 secundum
690 3166 819 3230 illa,
882 3175 940 3218 et
979 3165 1136 3237 quod
1191 3167 1299 3219 hoc
1342 3168 1416 3219 sit
1467 3184 1659 3220 amare
1705 3169 2050 3230 Dominum,
2111 3183 2179 3219 n:
2243 3175 2451 3227 10143.

327 3250 534 3303 10153.
576 3250 779 3303 10310.
819 3250 1024 3302 10336.
1065 3250 1269 3302 10578.
1308 3251 1515 3304 10645.
1599 3244 1763 3309 Quod
1797 3245 1986 3296 omnis
2016 3232 2223 3307 homo,
2268 3243 2448 3296 socie-

321 3329 441 3382 Ἰῑῑιιε,
480 3329 598 3372 tum
635 3318 823 3391 patria
862 3329 921 3372 et
952 3319 1229 3383 ecclesia,
1274 3337 1339 3373 ac
1383 3321 1441 3371 in
1477 3320 1791 3374 universali
1830 3337 2001 3373 sensu
2036 3320 2295 3389 Regnum
2335 3320 2446 3371 Do-

320 3393 500 3456 mini,
565 3394 678 3447 sint
723 3396 1057 3458 Proximus,
1115 3406 1172 3449 et
1212 3395 1367 3467 quod
1409 3395 1525 3448 illis
1563 3395 1915 3448 benefacere
1953 3412 2021 3446 cx
2067 3410 2265 3446 amore
2305 3392 2450 3445 boni

325 3468 638 3521 secundum
682 3472 851 3540 quale
888 3482 1064 3524 status
1100 3488 1336 3536 eorum,
1383 3472 1457 3524 sit
1490 3488 1684 3524 amare
1729 3471 2073 3541 proximum,
2118 3468 2196 3521 ita
2228 3469 2451 3522 bonum

326 3543 596 3607 illorum,
675 3545 767 3596 cui
822 3547 1269 3612 consulendum,
1331 3558 1421 3599 est
1470 3547 1801 3617 proximus,
1864 3563 1930 3597 n:
1988 3551 2134 3604 6818
2169 3544 2242 3598 ad
2278 3553 2448 3605 6824.

326 3625 502 3679 8123.
641 3619 754 3671 uod
797 3620 967 3672 etiam
1009 3621 1230 3673 bonum
1272 3621 1491 3675 morale
1542 3622 1700 3693 quod
1739 3632 1826 3675 est
1866 3621 2206 3686 sincerum,
2248 3630 2306 3673 et
2346 3621 2448 3674 ho-

323 3712 461 3747 num
499 3694 611 3747 civi
643 3712 673 3747 e
711 3693 868 3766 quod
895 3706 980 3747 est
1014 3696 1272 3758 histum,
1318 3698 1431 3749 sint
1464 3698 1802 3765 Proximus3
1845 3706 1902 3749 et
1938 3696 2093 3769 quod
2131 3696 2354 3752 sincere
2390 3707 2451 3751 et

319 3772 474 3841 juste
509 3788 682 3843 agere
719 3787 788 3823 ex
823 3786 1021 3823 amore
1058 3771 1269 3823 sinceri
1311 3783 1369 3826 et
1407 3772 1580 3839 justi,
1636 3774 1710 3827 sit
1741 3789 1935 3826 amare
1973 3769 2333 3844 proximum,
2376 3791 2448 3827 n:

322 3856 491 3909 2915·
527 3855 699 3909 4730.
738 3854 906 3907 8120·
951 3854 1117 3907 8121·
1158 3854 1327 3907 8122.
1376 3855 1544 3909 8123.
1628 3849 1767 3903 lude
1807 3849 1963 3920 quod
2006 3849 2266 3903 Charitas
2308 3867 2448 3922 erga

320 3925 649 3997 proximum
688 3940 747 3977 se
781 3923 1049 3977 extendat
1080 3922 1149 3976 ad
1183 3926 1374 3979 omnia
1411 3925 1564 3978 vitae
1601 3925 1867 3990 hominis,
1913 3936 1967 3979 et
2000 3924 2193 3980 facere
2226 3926 2451 3980 bonum

322 4011 383 4054 et
421 4001 666 4067 justum,
728 4017 794 4053 ac
845 4017 1019 4073 agere
1072 3999 1298 4055 sincere
1349 4019 1416 4055 ex
1470 4000 1680 4067 corde,
1745 4002 1803 4055 in
1850 4002 2005 4055 omni
2049 4002 2351 4056 functione
2390 4012 2452 4055 et

325 4076 386 4128 in
426 4076 582 4129 omni
638 4093 851 4146 opere,
910 4077 985 4130 sit
1036 4094 1230 4130 amare
1283 4078 1648 4150 proximum,
1714 4097 1782 4131 n:
1846 4087 2017 4139 2417.
2062 4087 2232 4139 8121.
2277 4086 2449 4138 8124.

323 4152 494 4239 Quod
556 4155 837 4206 Doctrina
891 4153 948 4205 in
1002 4152 1255 4226 Antiqua
1317 4154 1579 4209 Ecclesia
1639 4154 1819 4209 fuerit
1879 4156 2145 4208 doctrina
2207 4154 2454 4207 charita-

323 4236 427 4291 tis,
493 4238 549 4280 ct
591 4228 750 4299 quod
793 4228 925 4282 inde
968 4228 1083 4281 illis
1126 4232 1439 4302 sapientia,
1506 4250 1576 4286 n:
1637 4240 1804 4293 2417.
1849 4239 2018 4293 2385.
2065 4237 2233 4290 3419.
2279 4235 2449 4290 3420.

1881 4401 2023 4462 19*
