3013 5114
592 430 697 482 145
1199 419 1292 471 oe
1337 417 1569 472 coeno
1612 417 1705 470 ET
1745 416 2078 473 mesano,

589 584 804 641 mentis
833 587 970 639 sunt
1003 580 1078 637 ad
1118 583 1357 638 tertium
1399 579 1681 655 gradum,
1732 585 1791 637 et
1832 585 1925 638 est
1960 577 2412 655 receptaculum
2443 582 2704 639 omnium

589 684 938 759 sapientiae.
1025 682 1211 740 Porro
1267 680 1586 740 sciendum
1626 686 1749 751 est,
1826 680 1984 756 quod
2030 672 2246 756 Angeli
2292 679 2491 738 Intimi
2537 679 2709 757 Coeli

590 801 782 859 usque
825 783 1103 842 continue
1151 781 1537 858 perficiantur
1585 782 1910 857 sapientia,
1972 788 2031 839 et
2079 781 2193 839 hoe
2236 798 2473 857 quoque
2530 781 2706 843 aliter

592 903 763 959 quam
813 883 1031 960 Angeli
1065 882 1271 942 Ultimi
1302 882 1498 942 Coeli:
1571 882 1790 958 Angeli
1840 884 2027 940 intimi
2066 881 2236 942 Coeli
2278 882 2499 941 Divina
2538 883 2706 944 Vera

591 1003 708 1043 non
755 990 1051 1060 reponunt
1091 987 1151 1041 in
1200 986 1522 1056 memoria,
1584 984 1667 1040 ita
1713 1001 1825 1042 nec
1870 984 2093 1041 faciunt
2141 1001 2214 1042 ex
2267 983 2386 1041 illis
2443 984 2705 1061 aliquam

591 1089 929 1155 seientiam,
1004 1086 1111 1144 sed
1149 1089 1349 1144 statim
1400 1092 1462 1142 ut
1523 1084 1769 1142 audiunt
1826 1085 1958 1157 illa,
2033 1087 2372 1160 percipiunt
2435 1085 2586 1163 illa,
2642 1092 2704 1146 et

589 1191 830 1245 mittunt
869 1189 930 1244 in
984 1189 1194 1260 vitam,
1282 1186 1416 1245 inde
1475 1192 1567 1244 est
1621 1186 1780 1260 quod
1827 1186 2047 1244 Divina
2097 1186 2262 1245 Vera
2311 1193 2707 1263 permaneant

591 1288 753 1364 apud
786 1288 922 1347 illos
960 1289 1114 1346 sicut
1151 1289 1462 1362 inscripta,
1522 1287 1681 1362 quod
1732 1289 1887 1346 enim
1934 1289 2091 1344 vitae
2142 1287 2491 1362 mandatur,
2563 1288 2704 1348 tali-

590 1399 681 1447 ter
727 1391 918 1447 inest:
1017 1389 1189 1447 aliter
1259 1407 1401 1446 vero
1450 1405 1547 1445 res
1616 1405 1681 1446 se
1737 1388 1920 1447 habet
1982 1405 2116 1446 eum
2177 1388 2423 1464 Angelis
2488 1388 2701 1450 Ultimi

595 1490 793 1562 Coeli,
850 1489 937 1547 illi
976 1489 1197 1548 Divina
1245 1489 1408 1547 Vera
1455 1491 1712 1564 primum
1758 1495 2056 1566 reponunt
2108 1491 2168 1547 in
2229 1491 2544 1565 memoria,
2629 1507 2738 1561 ae,

590 1591 923 1648 recondunt
960 1592 1016 1647 in
1055 1592 1336 1664 seientia,
1407 1597 1464 1648 et
1501 1591 1639 1649 inde
1677 1590 2030 1667 depromunt
2062 1589 2204 1666 illa,
2278 1598 2336 1650 et
2383 1590 2704 1667 perficiunt

588 1691 955 1752 intellectum
1005 1707 1179 1750 suum
1233 1709 1342 1767 per
1382 1691 1517 1755 illa,
1588 1697 1647 1750 et
1694 1693 1923 1768 absque
1974 1693 2361 1769 perceptione
2416 1694 2700 1753 interiore

589 1813 730 1851 num
768 1811 913 1851 vera
953 1794 1097 1867 sint,
1149 1793 1358 1850 volunt
1384 1791 1517 1865 illa,
1572 1799 1631 1850 et
1671 1793 1831 1852 vitae
1869 1793 2185 1869 mandant3
2236 1793 2372 1852 inde
2423 1793 2541 1853 illis
2586 1794 2697 1854 ob-

591 1912 830 1954 scurum
885 1902 976 1952 est
1016 1895 1375 1971 respective.
1445 1893 1783 1952 Memoratu
1830 1894 2069 1971 dignum
2120 1901 2230 1964 est,
2281 1895 2441 1970 quod
2483 1895 2704 1981 Angeli

594 1996 783 2055 Tertii
822 1995 988 2055 Coeli
1033 1996 1418 2072 perficiantur
1462 1998 1759 2072 sapientia
1810 2014 1919 2071 per
1962 1996 2259 2070 auditum,
2330 2013 2446 2054 non
2498 2002 2704 2056 autem

590 2116 699 2171 per
738 2100 969 2170 visum,
1021 2097 1125 2154 illa
1172 2113 1323 2171 quae
1380 2095 1629 2153 audiunt
1667 2116 1742 2154 ex
1794 2096 2271 2172 praedieatione,
2329 2114 2446 2157 non
2480 2100 2703 2156 intrant

558 2201 647 2254 ‘in
694 2199 1036 2254 memoriam
1070 2213 1299 2269 eorum,
1369 2195 1474 2253 sed
1513 2197 1851 2255 immediate
1898 2198 1956 2255 in
1996 2200 2446 2274 perceptionem
2484 2207 2543 2258 et
2571 2200 2702 2261 Kvo-

588 2298 907 2367 luntatem,
973 2303 1033 2355 et
1068 2298 1216 2354 fiunt
1251 2298 1439 2371 vitae,
1508 2315 1661 2371 quae
1700 2303 1897 2355 autem
1935 2298 2154 2375 Angeli
2189 2296 2274 2358 illi
2310 2299 2512 2359 vident
2552 2317 2702 2360 ocu-

587 2397 661 2456 lis
700 2401 847 2467 8015,
912 2416 983 2457 ea
1022 2402 1244 2457 intrant
1283 2400 1342 2455 in
1383 2400 1731 2456 memoriam
1774 2415 2012 2473 eorum,
2080 2405 2141 2458 et
2176 2400 2250 2458 de
2291 2400 2411 2459 illis
2456 2403 2703 2461 ratioci-

582 2506 801 2559 nantur
844 2507 901 2559 et
947 2500 1304 2578 loquuntur3
1370 2499 1505 2556 inde
1547 2501 1742 2575 patuit
1796 2500 1958 2576 quod
2012 2502 2112 2559 via
2168 2502 2410 2561 auditus
2457 2504 2535 2561 sit
2579 2502 2700 2562 illis

585 2605 683 2660 via
731 2605 1096 2678 sapientiae,
1163 2603 1276 2661 hoe
1327 2618 1566 2677 quoque
1623 2620 1696 2660 ex
1750 2602 2298 2679 correspondentia‚
2349 2621 2486 2661 nam
2537 2606 2699 2662 auris

585 2704 1012 2778 correspondet
1050 2703 1456 2776 obedientiae,
1516 2704 1953 2763 etobedientia
1992 2711 2085 2763 est
2126 2707 2340 2779 vitae,
2385 2711 2447 2762 at
2488 2704 2701 2764 oculus

585 2804 1014 2879 correspondet
1053 2803 1513 2879 intelligentiae,
1573 2811 1632 2862 et
1681 2803 2074 2881 intelligentia
2115 2811 2208 2864 est
2248 2767 2552 2864 defirinae
2590 2800 2695 2886 (e).

585 2902 788 2960 Status
827 2904 1039 2961 horum
1077 2904 1441 2980 Angelorum
1484 2904 1841 2963 describitur
1872 2908 2060 2966 „etiam
2098 2909 2323 2982 passim
2361 2909 2421 2964 in
2459 2905 2696 2982 Verb03

583 3009 650 3059 ut
684 3004 844 3077 apud
883 3004 1246 3077 Jeremiam,
1305 3002 1588 3077 „Iudam
1627 3003 1825 3085 leyem
1865 3026 2068 3067 meam
2121 3007 2318 3067 menti
2359 3025 2601 3082 eorum,
2640 3012 2701 3066 et

582 3101 763 3162 cordi
794 3121 1007 3163 eorum
1052 3103 1397 3164 inscribam
1433 3124 1572 3165 eam
1585 3126 1612 3177 ‚·
1675 3125 1799 3167 non
1835 3106 2135 3168 docebunt
2184 3105 2470 3187 amplius
2516 3107 2696 3186 quis-

581 3222 771 3282 quam
806 3204 1084 3265 amicum
1120 3224 1327 3277 suum,
1371 3212 1431 3266 et
1463 3206 1804 3285 quisquam
1825 3208 2109 3287 fratrem
2145 3228 2361 3285 suum,
2411 3207 2696 3286 dicendo,

582 3305 933 3384 capnos-cite
976 3304 1311 3376 Jehovam,
1389 3326 1541 3366 nam
1585 3314 1882 3387 quotquot
1931 3314 2115 3370 erant
2154 3316 2522 3389 cayno-went
2569 3308 2695 3386 Me,

581 3425 623 3468 a
664 3407 928 3467 minimo
973 3426 1185 3468 eorum
1231 3406 1320 3467 ad
1364 3409 1725 3469 maximum
1769 3414 2063 3485 eorum,“
2119 3411 2372 3470 XXXI:
2420 3414 2529 3471 33.
2584 3412 2696 3470 34.

579 3509 658 3567 Et
694 3510 856 3587 apud
896 3509 1299 3586 Matthaeum,
1364 3508 1632 3585 „Sermo
1674 3516 1875 3572 vester
1913 3511 2034 3572 erit
2075 3512 2174 3573 ita
2211 3510 2337 3589 ita,
2399 3530 2523 3573 non
2553 3528 2698 3581 non,

587 3699 803 3709 *m-
810 3705 889 3709 -.-—
904 3703 999 3710 *Q

735 3798 819 3863 (e)
867 3798 944 3850 De
989 3800 1506 3871 eor-respondentia
1551 3801 1705 3853 auris
1750 3812 1805 3854 et
1847 3801 2094 3865 auditne,
2138 3818 2204 3853 n:
2246 3805 2394 3860 4652
2430 3797 2499 3852 ad
2524 3806 2695 3860 4660.

579 3872 751 3949 Quod
791 3876 947 3926 auris
990 3869 1445 3947 correspondeat
1489 3878 1853 3949 perceptioni
1897 3888 1954 3931 et
1994 3876 2397 3939 obedientiae,
2443 3886 2500 3929 et
2539 3874 2699 3947 quod

580 3947 714 4001 inde
765 3950 1048 4019 significet
1102 3953 1262 4014 illas,
1318 3970 1384 4004 n:
1430 3962 1601 4014 2542.
1662 3962 1828 4014 3869·
1884 3962 2050 4015 4653-
2097 3962 2266 4014 5017.
2312 3959 2478 4012 7216·
2523 3959 2697 4011 8361.

582 4031 748 4084 9311·
805 4035 970 4084 9397.
1030 4034 1236 4087 10061.
1288 4063 1299 4074 ι
1341 4030 1509 4104 Quod
1565 4030 1848 4101 significet
1906 4032 2303 4100 receptionem
2363 4028 2694 4092 veritatum,

578 4116 645 4151 1¹²
691 4107 858 4160 5471.
903 4108 1069 4160 5475.
1122 4111 1287 4162 99‘26-
1382 4105 1463 4156 De
1519 4104 2053 4177 Correspondentia
2108 4105 2266 4158 oculi
2324 4115 2381 4158 et
2434 4104 2557 4172 ejus
2613 4103 2696 4156 vi-

581 4192 705 4238 sua,
750 4194 814 4228 n:
860 4185 1026 4238 4403.
1070 4178 1140 4231 ad
1183 4186 1348 4239 4421.
1394 4188 1542 4240 4523
1584 4180 1657 4234 ad
1699 4189 1881 4250 45343
1946 4183 2104 4253 quod
2145 4182 2303 4235 visus
2349 4180 2503 4233 oculi
2554 4177 2690 4231 inde

579 4251 863 4323 significet
914 4254 1350 4327 intelligentiam
1407 4274 1555 4329 quae
1607 4256 1741 4315 fidei
1795 4269 1852 4312 et
1893 4276 2127 4330 quoque
2170 4256 2365 4320 fidem,
2409 4274 2479 4309 nz
2521 4262 2692 4324 2701.

581 4337 751 4391 4410:
791 4339 958 4393 4526·
1004 4339 1171 4393 6923.
1217 4340 1382 4393 9051·
1429 4341 1636 4393 10569.
