3013 5114
525 416 623 474 DE
664 416 1004 475 SECUNDO
1047 417 1280 475 STATU
1322 418 1616 475 HOMINIS
1660 419 1848 478 POST
1889 419 2213 484 MORTEM.
2334 433 2442 487 309

320 581 441 658 Qui
479 583 682 639 autem
716 581 777 639 in
814 579 972 640 malo
1014 580 1129 640 fuit
1154 582 1227 640 in
1265 582 1517 659 mundo,
1570 585 1625 643 is
1663 588 1804 644 tunc
1838 583 2092 661 insipide
2121 591 2199 644 -et
2233 586 2443 647 insane

318 685 471 761 agit,
510 683 633 740 imo
670 682 944 740 insanius
984 699 1163 757 quam
1198 683 1259 740 in
1293 682 1548 759 mundo,
1589 686 1729 762 quia
1762 685 1820 743 in
1858 684 2045 743 libero
2083 692 2201 761 est,
2242 691 2303 745 et
2326 703 2444 746 non

317 786 635 844 coercetur
646 800 663 858 3
718 780 1046 841 cum‘enim
1081 785 1143 840 in
1178 783 1400 842 mundo
1439 785 1619 855 vixit,
1670 800 1854 843 sanus
1903 785 2013 844 fuit
2059 788 2119 844 in
2156 788 2439 861 externis,

314 901 467 951 nam
504 899 617 960 per
661 882 765 941 illa
801 881 972 941 finxit
1006 883 1304 942 hominem
1354 883 1738 961 rationalem3
1796 902 1982 962 quare
2025 902 2158 944 cum
2196 892 2443 947 externa

316 984 408 1044 ilii
445 983 650 1042 ablata
682 989 851 1058 sunt,
906 983 1252 1043 revelantur
1286 987 1556 1045 insaniae
1594 985 1747 1063 ejuS.
1824 985 2051 1058 Malus,
2104 988 2205 1063 qui
2238 987 2297 1046 in
2335 1005 2441 1048 ex-

248 1078 263 1088 “
321 1086 512 1145 ternis
552 1081 777 1161 effigiat
808 1083 1032 1143 bonum
1078 1084 1406 1161 hominem,
1463 1088 1802 1162 comparari
1848 1090 2051 1163 potest
2102 1089 2234 1146 vasi
2273 1095 2441 1149 exte-

316 1188 444 1245 rius
480 1183 665 1244 nitido
703 1191 763 1244 et
795 1185 1022 1262 polito,
1077 1202 1149 1244 ac
1186 1191 1346 1246 tecto
1384 1186 1719 1263 velamine,
1774 1188 1930 1246 intra
1965 1187 2125 1263 quod
2170 1187 2444 1248 recondi-

317 1293 418 1345 tae
458 1291 601 1345 sunt
638 1287 827 1344 omnis
864 1287 1101 1362 generis
1151 1288 1503 1364 spurcitieS,
1560 1275 1620 1347 et
1653 1286 1981 1348 secundum
2017 1287 2257 1348 Domini
2291 1288 2437 1348 effa-

312 1393 473 1461 tum,
535 1382 849 1461 „Similes
881 1384 1040 1446 estis
1073 1384 1430 1467 sepulchris
1470 1384 1820 1460 dealbatis,
1881 1406 2041 1466 quae
2078 1388 2262 1470 soris
2313 1407 2433 1469 ap-

307 1492 541 1566 parent
577 1487 895 1566 speciosa,
943 1486 1122 1568 intus
1156 1506 1298 1548 vero
1329 1485 1523 1568 plena
1562 1493 1714 1550 sunt
1749 1487 2000 1550 vasibus
2025 1495 2438 1565 mortuorum,

312 1596 373 1651 et
408 1586 584 1648 omni
618 1587 1055 1658 immunditie,
1077 1590 1114 1619 “
1153 1588 1379 1649 Matth=
1415 1589 1671 1649 xxm:
1713 1594 1751 1649 2
1768 1597 1826 1651 7.
1955 1574 1956 1577 ‘

479 1691 639 1749 506.
696 1687 921 1748 Omnes
959 1690 1062 1765 qui
1096 1690 1157 1748 in
1193 1689 1350 1749 bono
1385 1692 1663 1750 vixerunt
1702 1693 1763 1750 in
1802 1690 2055 1767 mundo,
2104 1698 2164 1750 et
2193 1708 2266 1750 ex
2294 1707 2440 1751 con-

315 1791 570 1850 scientia
605 1796 889 1866 egerunt,
948 1792 1053 1866 qui
1088 1796 1228 1848 sunt
1256 1793 1358 1865 qui
1397 1799 1773 1867 agnoverunt
1810 1791 2126 1862 Divinum,
2171 1797 2231 1852 et
2267 1798 2436 1852 ama—

314 1897 533 1950 verunt
588 1890 808 1949 Divina
859 1889 1052 1963 Vera,
1123 1890 1431 1967 imprimis¹
1469 1892 1574 1967 qui
1625 1890 2045 1968 applicuerunt
2100 1890 2207 1951 illa
2259 1876 2438 1968 viTae,

315 1996 612 2069 apparent
658 1991 800 2064 sibi,
856 2006 991 2050 cum
1041 1993 1102 2048 in
1147 1997 1372 2049 statum
1415 1992 1767 2051 interiorum
1811 2007 2057 2051 suorum
2110 1995 2437 2068 mittuntur,

313 2096 474 2152 sicut
513 2093 615 2167 qui
660 2092 1069 2168 expergefacti
1115 2109 1151 2149 a
1197 2107 1406 2151 somno
1449 2094 1509 2151 in
1546 2091 1810 2168 vigiliam
1852 2092 2130 2166 veniunt,
2187 2099 2249 2152 et
2283 2092 2444 2152 sicut

313 2195 416 2270 qui
453 2210 527 2253 ex
568 2192 793 2257 umbra,
827 2193 889 2250 in
934 2191 1160 2269 lucem3
1216 2194 1481 2269 cogitant
1530 2195 1712 2254 etiam
1757 2210 1833 2253 ex
1867 2191 2004 2253 luce
2043 2191 2196 2252 coeli
2234 2193 2325 2255 sic
2363 2207 2438 2252 ex

310 2296 596 2354 interiore
622 2294 936 2369 sapientia,
978 2299 1037 2351 et
1069 2310 1144 2352 ex
1172 2293 1326 2353 bono
1355 2301 1542 2372 agunt
1569 2297 1656 2354 sic
1677 2312 1753 2355 ex
1778 2296 2062 2355 interiore
2092 2293 2434 2370 affectione;

310 2394 505 2454 influit
540 2396 722 2454 etiam
770 2392 1004 2453 coelum
1040 2395 1099 2452 in
1135 2413 1342 2454 eorum
1377 2396 1771 2472 cogitationes
1812 2401 1873 2454 et
1909 2394 2254 2455 affectiones
2299 2411 2437 2454 cum

311 2495 490 2555 beato
533 2503 595 2554 et
622 2494 889 2574 jucundo
924 2496 1236 2571 interiore,
1289 2493 1364 2553 de
1403 2512 1521 2572 quo
1556 2498 1727 2572 prius
1761 2511 1878 2553 non
1916 2489 2212 2553 noverunt
2224 2514 2242 2572 3
2295 2510 2437 2553 nam

214 2647 223 2652 .
311 2597 399 2658 illi
441 2598 1035 2656 communicationem
1084 2594 1310 2654 habent
1359 2613 1494 2655 cum
1540 2594 1770 2673 angelis
1819 2594 2004 2672 coeli;
2078 2601 2220 2654 tunc
2256 2596 2436 2655 etiam

312 2704 649 2776 agnoscunt
678 2698 1029 2772 Dominum,
1058 2704 1146 2755 fiet
1183 2695 1386 2780 colunt
1422 2696 1630 2773 Ipsum
1669 2714 1744 2756 ex
1781 2698 1917 2772 ipsa
1958 2696 2080 2757 vita
2114 2711 2255 2768 sua,
2297 2711 2431 2753 nam

310 2801 372 2857 in
410 2801 536 2858 vit-a
576 2816 689 2857 sua
727 2800 976 2875 propria
1011 2802 1180 2872 sunt,
1221 2798 1459 2873 quando
1497 2800 1557 2855 in
1592 2803 1756 2856 statu
1785 2798 2129 2854 interiorum
2166 2812 2428 2868 suorum,

309 2906 376 2961 ut
422 2918 562 2959 mox
603 2917 791 2976 supra
837 2918 907 2959 n:
967 2899 1100 2958 505
1148 2899 1369 2959 dictum
1413 2903 1505 2958 est
1521 2917 1538 2973 3
1594 2904 1655 2958 et
1704 2914 1943 2975 quoque
1989 2902 2321 2974 agnoscunt
2374 2904 2433 2954 et

308 3002 513 3061 colunt
548 3000 753 3077 Ipsum
793 3017 867 3059 ex
901 2999 1124 3075 libem,
1163 3017 1304 3058 nam
1327 2998 1584 3060 liberum
1613 3005 1708 3059 est
1730 2999 2031 3058 interioris
2069 2997 2429 3071 affectionis;

305 3101 598 3164 recedunt
635 3103 815 3161 etiam
849 3103 935 3160 sic
971 3119 1008 3160 a
1042 3107 1251 3159 sancto
1289 3108 1536 3160 externo
1565 3106 1627 3161 et
1651 3101 1897 3159 veniunt
1932 3100 1993 3157 in
2028 3106 2303 3159 sanctum
2336 3099 2433 3157 in-

305 3207 574 3273 ternum,
625 3204 687 3260 in
739 3219 854 3279 quo
906 3203 1038 3278 ipse
1070 3202 1286 3265 ,cultus
1333 3219 1475 3262 vere
1526 3203 1827 3277 consistit3
1902 3199 2041 3260 talis
2092 3206 2188 3259 est
2234 3204 2430 3259 status

304 3302 577 3377 illorum,
619 3304 722 3379 qui
757 3302 1085 3361 secundum
1111 3309 1445 3379 praecepta
1477 3303 1539 3361 in
1573 3301 1777 3364 Verbo
1817 3299 2214 3359 Christianam
2246 3300 2432 3356 vitam

310 3409 580 3480 egerunt.
681 3403 763 3461 At
807 3419 1057 3479 prorsus
1107 3406 1440 3463 contrarius
1495 3409 1590 3462 est
1639 3408 1835 3461 status
1882 3399 2148 3473 illorum,
2224 3396 2323 3474 qui
2352 3398 2431 3455 .in

308 3502 530 3562 mundo
565 3503 628 3560 in
666 3502 824 3560 malo
860 3503 1165 3576 vixerunt,
1206 3508 1266 3562 et
1302 3502 1519 3579 quibus
1557 3502 1724 3560 nulla
1761 3498 2157 3572 conscientia,
2197 3502 2259 3556 et
2291 3494 2429 3556 inde

308 3607 683 3679 negaverunt
728 3601 1046 3676 Divinum,
1095 3619 1235 3660 nam
1281 3616 1488 3661 omnes
1540 3602 1639 3676 qui
1686 3602 1745 3659 in
1782 3597 1940 3657 malo
1984 3598 2221 3668 vivunt,
2267 3598 2428 3657 inte-

304 3705 435 3764 rius
470 3704 533 3760 in
577 3717 650 3760 se
699 3706 922 3777 negant
963 3700 1279 3776 Divinum,
1336 3705 1638 3775 utcunque
1686 3716 1823 3760 cuni
1870 3700 1929 3756 in
1979 3700 2239 3757 externis
2286 3703 2427 3757 sunt

306 3809 523 3884 putant
557 3819 627 3863 se
662 3819 781 3861 non
816 3818 1037 3877 negare
1075 3801 1184 3862 sed
1213 3816 1573 3878 agnoscere,
1612 3816 1749 3858 nam
1777 3814 2105 3876 agnoscere
2140 3799 2427 3859 Divinum

307 3922 380 3966 ac
415 3904 572 3965 male
609 3905 851 3974 vivere,
907 3903 1188 3979 opposita
1231 3907 1402 3978 sunt3
1460 3902 1562 3977 qui
1610 3901 1765 3960 tales
1813 3905 1982 3975 sunt,
2038 3905 2334 3978 apparent
2366 3900 2430 3959 in

306 4007 501 4066 altera
539 4007 690 4080 vita,
755 4021 891 4066 cum
935 4004 997 4063 in
1030 4009 1252 4064 statum
1287 4004 1635 4062 interiorum
1669 4017 1915 4063 suorum
1960 4003 2239 4076 veniunt,
2292 4017 2428 4062 cum

310 4105 634 4166 audiuntur
667 4105 831 4182 loqui
867 4111 928 4165 et
965 4110 1319 4182 spectantur
1353 4120 1571 4182 agere,
1626 4106 1784 4165 sicut
1817 4103 1968 4162 fatui
1979 4122 1997 4180 3
2052 4120 2193 4162 nam
2227 4117 2265 4159 a
2298 4100 2426 4159 suis

308 4206 736 4284 cupiditatibus
774 4206 944 4266 malis
983 4211 1305 4285 erumpunt
1339 4206 1400 4265 in
1448 4206 1712 4281 nefaria,
1773 4207 1834 4264 in
1887 4208 2224 4263 contemtus
2261 4199 2425 4257 alio·-

308 4324 469 4385 rum,
518 4310 578 4369 in
614 4307 1110 4370 subsannationes
1151 4313 1209 4368 et
1242 4305 1684 4386 blasphemia5‚
1723 4307 1784 4367 in
1821 4303 1981 4377 odia,
2021 4305 2080 4363 in
2114 4299 2426 4365 vindictas,
