3013 5114
588 402 696 455 124
1219 388 1313 443 DE
1356 388 1593 445 COELO
1634 386 1729 442 ET
1768 384 2100 443 INFERNO.

581 555 678 613 cui
712 553 910 611 omnia
942 552 1144 610 insunt
1178 551 1240 608 in
1279 548 1520 624 ordine,
1576 555 1637 608 et
1676 547 1837 624 quod
1883 547 2036 607 liber
2081 548 2241 606 vitae
2280 546 2534 607 hominis
2583 563 2706 625 non

578 652 742 713 aliud
776 653 870 711 sit.
1573 708 1586 718 ⁶

740 755 901 812 237.
956 751 1190 830 Lingua
1223 751 1518 828 Angelica
1561 769 1678 810 non
1726 749 1951 827 aliquid
1999 766 2313 809 commune
2348 748 2532 811 habet
2568 766 2707 809 cum

579 854 828 930 Linguis
864 851 1171 928 humanis,
1227 854 1343 911 nisi
1391 869 1528 913 cum
1573 851 1875 929 aliquibus
1909 851 2195 924 vocibuS,
2253 867 2405 926 quae
2443 868 2515 908 ex
2552 849 2705 910 affe-

585 956 785 1015 ctione
817 953 1074 1029 quadam
1112 959 1345 1030 sonant,
1375 970 1586 1012 verum
1612 969 1731 1011 non
1767 969 1901 1011 cum
1937 953 2085 1029 ipsis
2117 951 2384 1025 vocibus,
2425 950 2534 1010 sed
2568 968 2708 1009 cum

581 1071 729 1115 sono
769 1072 1006 1130 earum,
1063 1054 1136 1113 de
1175 1072 1295 1130 qua
1329 1071 1393 1111 re
1432 1053 1657 1129 aliquid
1694 1055 1752 1111 in
1789 1053 2200 1129 sequentibus,
2258 1051 2434 1128 Quod
2469 1051 2707 1128 Lingua

584 1155 860 1233 angelica
893 1172 1010 1214 non
1049 1154 1275 1231 ailquid
1311 1171 1625 1212 commune
1660 1154 1882 1211 habeat
1931 1170 2062 1211 cum
2107 1152 2354 1229 Linguis
2407 1151 2704 1226 humaniS,

578 1262 754 1334 patet
804 1274 878 1314 ex
934 1273 1037 1326 eo,
1091 1255 1252 1332 quod
1301 1254 1553 1331 Angelis
1604 1253 1980 1331 impossibile
2030 1256 2109 1312 sit
2164 1255 2470 1312 enuntiare
2521 1271 2705 1311 unam

582 1373 809 1416 vocem·
832 1356 1101 1432 Linguae
1137 1356 1465 1430 humanae3
1521 1354 1636 1414 hoc
1680 1362 1971 1413 tentatum
2012 1362 2132 1428 est,
2185 1353 2295 1413 sed
2327 1370 2446 1410 non
2481 1359 2702 1428 potue-

579 1463 747 1531 runt;
801 1474 919 1513 non
956 1460 1112 1514 enim
1148 1455 1312 1513 aliud
1348 1457 1659 1514 enuntiare
1694 1461 1979 1533 possunt,
2043 1473 2221 1531 quam
2259 1453 2418 1530 quod
2453 1470 2705 1529 prorsus

583 1556 907 1619 concordat
941 1557 1266 1632 affectioni3
1325 1554 1486 1633 quod
1535 1571 1653 1615 non
1701 1555 2025 1616 concordat
2076 1555 2190 1614 hoc
2239 1561 2536 1631 repugnat
2583 1556 2706 1630 ipsi

584 1673 789 1715 eorum
824 1659 1012 1726 vitae,
1066 1675 1202 1714 nam
1242 1660 1365 1715 vita
1402 1663 1495 1715 est
1530 1655 1892 1730 affectionis,
1944 1662 2004 1715 et
2054 1673 2126 1714 ex
2180 1654 2287 1714 illa
2336 1660 2428 1713 est
2460 1654 2705 1729 loquela

583 1773 806 1816 eorum.
895 1757 1135 1816 Dictum
1192 1766 1282 1817 est
1332 1756 1509 1830 mihi,
1562 1757 1723 1833 quod
1775 1759 1969 1833 prima
2012 1757 2261 1832 Linguav
2290 1756 2591 1815 hominum
2642 1757 2706 1812 in

581 1864 787 1916 nostra
826 1857 1071 1916 Tellure
1109 1860 1479 1933 congruerit,
1535 1861 1676 1934 quia
1709 1856 1814 1915 illa
1848 1858 1958 1915 suit
1994 1859 2081 1915 eis
2120 1873 2152 1915 e
2190 1856 2390 1930 coe103
2446 1862 2507 1914 et
2543 1854 2707 1931 quod

575 1958 813 2034 Lingua
847 1957 1132 2017 Hebraea
1165 1961 1224 2017 in
1254 1958 1554 2034 aliquibus
1592 1964 1896 2034 congruat.

731 2060 894 2117 238.
951 2057 1109 2134 Quia
1142 2058 1413 2134 Loquela
1448 2057 1818 2133 Angelorum
1853 2056 2281 2134 correspondet
2317 2074 2519 2116 eorum
2551 2055 2702 2115 affe-
2773 2044 2783 2051 ”

576 2159 758 2217 ctioni
795 2175 949 2233 quae
986 2161 1238 2228 amoriS,
1293 2165 1354 2217 et
1403 2175 1569 2215 amor
1616 2159 1770 2217 coeli
1819 2165 1911 2217 est
1960 2175 2127 2216 amor
2173 2159 2233 2215 in
2279 2156 2598 2216 Dominum
2639 2163 2703 2219 et

577 2274 745 2315 amor
793 2275 937 2332 erga
983 2261 1350 2333 proximum,
1403 2256 1678 2317 videatur
1726 2274 1913 2334 supra
1959 2276 2029 2316 n:
2093 2259 2176 2317 13
2228 2258 2303 2316 ad
2355 2261 2475 2325 19,
2531 2263 2707 2333 patet

579 2357 755 2433 quam
794 2356 1039 2435 elegans
1078 2364 1138 2416 et
1164 2357 1433 2435 jucunda
1463 2364 1556 2415 est
1589 2357 1833 2439 loquela
1867 2359 2133 2433 illorum,
2174 2358 2355 2417 afficit
2391 2359 2546 2417 enim
2582 2375 2705 2416 non

576 2457 754 2518 modo
791 2475 1001 2528 aures,
1063 2459 1173 2517 sed
1211 2461 1389 2517 etiam
1426 2460 1713 2517 interiora
1751 2462 1965 2518 mentis
2000 2459 2237 2519 illorum
2276 2460 2377 2535 qui
2414 2456 2706 2517 audiunt:

581 2567 711 2619 erat
754 2560 995 2635 quidam
1045 2563 1290 2638 spiritus
1337 2560 1520 2618 durus
1573 2562 1782 2633 corde,
1839 2579 1971 2621 cum
2025 2578 2141 2636 quo
2178 2560 2449 2637 Angelus
2483 2559 2704 2635 loque-

583 2659 787 2735 batur,
828 2661 930 2720 ille
962 2678 1036 2720 ex
1073 2662 1317 2737 loquela
1353 2662 1485 2738 ejus
1524 2661 1761 2722 tandem
1799 2664 1884 2719 ita
1919 2662 2166 2721 affectus
2206 2672 2315 2735 est,
2363 2667 2427 2719 ut
2453 2659 2702 2737 lachry-

576 2778 706 2819 mas
743 2760 1050 2836 funderet,
1117 2762 1352 2834 dicenS,
1413 2761 1572 2836 quod
1616 2780 1733 2822 non
1769 2765 2052 2821 resistere
2089 2769 2327 2838 posset,
2383 2762 2525 2837 quia
2571 2767 2705 2820 erat

578 2877 746 2918 amor
780 2860 1066 2936 loquenS,
1117 2869 1178 2920 et
1215 2860 1374 2936 quod
1408 2864 1577 2937 prius
1614 2879 1908 2939 nusquam
1943 2862 2425 2939 lachrymaverit.

734 2962 897 3020 239.
955 2961 1064 3017 Est
1115 2977 1357 3037 quoque
1414 2959 1688 3036 Loquela
1739 2963 2108 3039 Angelorum
2147 2962 2330 3039 plena
2381 2964 2702 3039 sapientia,

578 3060 857 3137 quoniam
896 3078 970 3118 ex
1004 3062 1289 3120 interiore
1329 3077 1535 3119 eorum
1575 3064 1935 3139 cogitatione
1975 3062 2273 3139 procedit,
2322 3069 2382 3121 et
2417 3064 2704 3141 cogitatio

576 3175 781 3219 eorum
818 3162 1070 3219 interior
1110 3167 1204 3219 est
1241 3163 1567 3236 sapientia,
1622 3166 1776 3222 sicut
1812 3163 2046 3223 affectio
2084 3180 2290 3222 eorum
2323 3164 2571 3222 interior
2605 3169 2705 3223 est

573 3277 772 3334 amor,
816 3261 1126 3338 conjungit
1161 3278 1228 3320 se
1266 3277 1432 3319 amor
1471 3269 1532 3319 et
1566 3266 1865 3339 sapientia
1897 3281 2103 3323 eorum
2138 3266 2199 3321 in
2234 3262 2509 3339 loquela:
2562 3263 2704 3338 inde

574 3361 680 3419 illa
717 3368 809 3421 est
847 3369 964 3420 tam
1000 3361 1184 3439 plena
1217 3362 1553 3439 sapientia,
1606 3369 1673 3421 ut
1710 3367 2045 3441 exprimere
2090 3366 2327 3440 possint
2363 3382 2483 3422 una
2522 3381 2703 3440 voce,

574 3480 729 3539 quae
766 3461 943 3522 homo
979 3480 1095 3522 non
1130 3468 1332 3540 potest
1366 3462 1531 3521 mille
1563 3464 1847 3535 vocibus,
1886 3471 1947 3523 et
1982 3481 2219 3541 quoque
2255 3464 2428 3523 ideae
2465 3466 2702 3540 cogita-,-

573 3565 750 3621 tionis
780 3580 983 3623 eorum
1014 3562 1529 3640 comprehendunt
1557 3564 1720 3638 talia,
1760 3583 1915 3641 quae
1944 3564 2120 3622 homo
2149 3581 2266 3622 non
2296 3566 2472 3640 capit,
2501 3567 2704 3624 minus

570 3661 773 3739 eloqui
803 3670 1036 3739 potest:
1088 3664 1227 3724 inde
1271 3669 1398 3739 est,
1472 3664 1632 3740 quod
1681 3665 1786 3723 illa
1840 3682 1993 3741 quae
2040 3667 2101 3722 in
2150 3663 2335 3725 Coelo
2388 3664 2595 3723 audita
2640 3671 2705 3723 et

568 3763 702 3819 visa
738 3769 910 3835 sunt,
977 3764 1250 3823 dicantur
1285 3763 1640 3839 ineffabilia,
1698 3770 1758 3824 et
1805 3765 1951 3823 talia
2001 3781 2155 3841 quae
2202 3780 2499 3840 nusquam
2536 3767 2703 3824 auris

569 3861 795 3920 audivit
831 3870 891 3921 et
938 3863 1151 3923 oculus
1191 3863 1355 3923 vidit.
1447 3862 1624 3939 Quod
1668 3867 1754 3924 ita
1806 3867 1917 3939 sit,
1988 3868 2165 3924 etiam
2216 3881 2328 3941 per
2378 3867 2700 3941 experien-

567 3961 713 4020 tiam
765 3964 920 4021 scire
966 3962 1169 4021 datum
1219 3969 1346 4038 est3
1404 3964 1761 4043 quandoque
1807 3967 2029 4024 missus
2075 3981 2210 4024 sum
2267 3966 2328 4022 in
2379 3972 2602 4025 statum
2636 3966 2699 4023 in

571 4077 690 4136 quo
725 4060 947 4138 Angeli
983 4069 1149 4136 sunt,
1210 4063 1363 4120 etin
1403 4079 1475 4121 ee
1524 4072 1687 4123 statu
1730 4063 2016 4142 loquutus
2067 4081 2204 4140 sum
2249 4082 2382 4124 cum
2434 4065 2586 4134 illis,
2637 4072 2704 4123 et

571 4167 714 4220 tunc
749 4161 1017 4240 intellexi
1053 4164 1285 4236 omnia,
1342 4162 1451 4222 sed
1487 4181 1623 4224 eum
1658 4168 1947 4226 remissus
1983 4182 2116 4224 sum
2150 4165 2210 4223 in
2239 4171 2462 4224 statum
2499 4180 2704 4224 meum

564 4262 886 4340 pristinum
907 4306 923 4338 ,
966 4268 1026 4322 et
1061 4265 1149 4323 sic
1185 4264 1247 4322 in
1284 4265 1706 4340 cogitationem
1749 4265 2083 4326 naturalem
2119 4265 2340 4326 homini
2366 4267 2699 4343 propriam,
