3013 5114
1118 355 1149 377 Ι

552 429 647 482 DE
691 427 1028 484 SECUNDO
1077 427 1308 487 STATU
1352 428 1648 485 HOMINIS
1690 428 1873 484 POST
1914 429 2237 485 MORTEM.
2358 442 2463 495 311
2534 435 2538 438 ’

342 594 700 649 amaverunt
734 605 925 665 super
963 591 1192 664 omnia,
1249 605 1320 647 ac
1355 591 1413 647 in
1450 588 1657 647 officiis
1696 596 1756 647 et
1789 587 2190 648 functionibus
2226 599 2465 666 specta-

338 697 561 775 verunt
595 690 887 750 honorem
925 692 1050 764 sui,
1101 707 1171 749 ac
1211 707 1358 748 usus
1393 692 1825 765 praestiterunt
1859 707 1977 750 non
2012 696 2261 768 propter
2297 707 2463 766 usus,

340 809 413 852 ac
448 790 568 849 illis
597 790 883 850 delectati
921 796 1092 864 sunt,
1151 790 1260 850 sed
1302 790 1835 866 propter-famam,
1895 797 1959 848 ut
1995 792 2293 866 digniores
2331 792 2465 851 aliis

338 909 452 971 per
485 891 622 950 illos
660 894 1155 961 aestimarentur,
1204 895 1380 950 etsie
1418 891 1701 949 delectati
1738 891 1899 950 fama
1931 895 2027 951 sui
2054 891 2329 967 honoriS,
2379 893 2468 953 illi

342 1012 479 1054 cum
521 995 583 1050 in
617 992 884 1051 seeundo
925 991 1040 1051 hoc
1078 998 1251 1051 ‘statu
1300 999 1473 1060 sunt,
1530 1008 1677 1067 prae
1722 992 1968 1069 reliquis
2018 993 2241 1069 stupidi
2292 1001 2462 1069 sunt3
2499 1027 2519 1052 x

344 1112 482 1153 nam
513 1099 798 1169 quantum
843 1092 1060 1168 aliquis
1097 1109 1164 1151 se
1203 1100 1388 1168 amat,
1429 1098 1660 1151 tantum
1697 1099 2042 1152 removetur
2078 1110 2115 1151 a
2150 1093 2349 1168 coelo,
2405 1103 2468 1153 et

342 1200 637 1273 quantum
684 1210 723 1252 a
768 1193 938 1253 coelo
992 1199 1222 1252 tantum
1266 1211 1301 1251 a
1349 1196 1663 1270 sapientia.
1760 1192 1879 1268 Qui
1915 1201 2115 1253 autem
2157 1196 2218 1252 in
2262 1211 2464 1253 amore

340 1297 471 1370 sui,
530 1300 591 1353 et
632 1292 810 1353 simul
860 1297 1046 1353 astuti
1093 1295 1363 1367 suerunt,
1428 1301 1488 1353 et
1539 1310 1606 1354 se
1652 1311 1766 1372 per
1804 1302 1965 1353 artes
2017 1301 2347 1355 evexerunt
2387 1293 2467 1352 ad

345 1395 607 1456 honores
621 1437 638 1469 ,
692 1394 778 1453 illi
817 1411 884 1453 se
925 1397 1272 1454 consociant
1317 1411 1451 1453 cum
1488 1397 1798 1470 pessimis,
1857 1403 1916 1453 et
1953 1395 2270 1455 addiscunt
2304 1401 2467 1454 artes

340 1499 629 1572 magicas,
669 1512 825 1571 quae
861 1503 1001 1554 sunt
1041 1495 1267 1555 abusus
1307 1493 1546 1554 Ordinis
1582 1496 1802 1568 Divini,
1837 1513 1950 1572 per
1974 1512 2125 1572 quas
2161 1495 2468 1555 lacessunt

341 1614 414 1657 ac
448 1596 738 1654 infestant
772 1613 980 1656 omnes
1012 1599 1114 1673 qui
1141 1613 1208 1655 se
1246 1614 1364 1657 non
1390 1597 1719 1667 honorant,
1769 1602 2015 1657 nectunt
2042 1596 2319 1671 insidias,
2369 1597 2464 1655 fo-

327 1703 486 1757 ·vent
528 1696 696 1771 odia,
733 1697 991 1773 flagrant
1028 1697 1306 1756 vindictis
1318 1741 1334 1770 ,
1385 1703 1447 1756 et
1481 1699 1732 1774 cupiunt
1766 1700 2001 1756 saevire
2035 1699 2098 1755 in
2126 1713 2331 1756 omnes
2368 1699 2471 1773 qui

344 1814 414 1857 se
471 1815 589 1856 non
638 1797 1022 1872 submittunt,
1097 1806 1159 1857 et
1192 1799 1253 1855 in
1295 1800 1492 1856 omnia
1531 1797 1637 1855 illa
1681 1803 1907 1856 tantum
1954 1804 2135 1857 ruunt
2184 1804 2470 1874 quantum

340 1898 463 1960 illis
503 1897 763 1975 maligna
802 1898 979 1958 turba
1014 1899 1213 1966 favet,
1268 1905 1330 1956 et
1379 1897 1618 1956 tandem
1656 1900 1850 1956 animo
1896 1904 2140 1957 versant
2176 1897 2472 1973 quomodo

304 1998 307 2001 ’
347 1998 682 2059 ascendant
717 1998 984 2074 coelum,
1039 1988 1106 2056 ut
1133 1986 1446 2057 destruant
1471 1997 1648 2072 illud,
1702 1998 1800 2056 vel
1840 2004 1905 2058 ut
1940 1996 2211 2057 colantur
2244 1997 2326 2055 ibi
2361 2015 2472 2072 pro

341 2099 490 2177 diis5
551 2100 875 2157 intantum
904 2103 1156 2159 vesania
1180 2098 1420 2159 illorum
1451 2097 1710 2157 effertur.
1764 2097 1864 2157 Illi
1904 2099 2006 2176 qui
2042 2096 2195 2157 tales
2232 2097 2475 2158 fuerunt

342 2218 420 2262 ex
465 2184 1132 2277 religionePontificia',
1186 2200 1433 2276 reliquis
1468 2200 1802 2258 insaniores
1844 2207 2015 2275 sunt,
2071 2200 2267 2258 animo
2317 2200 2473 2258 enim
2522 2228 2528 2233 ·

340 2307 592 2380 gerunt,
654 2300 810 2378 quod
848 2301 960 2360 sub
997 2306 1301 2377 potestate
1331 2300 1567 2360 illorum
1617 2301 1738 2359 sint
1776 2301 2010 2360 coelum
2052 2308 2112 2359 et
2155 2300 2470 2376 infernum,

341 2409 405 2464 et
441 2401 602 2480 quod
635 2404 939 2461 remittere
976 2404 1212 2478 possint
1247 2419 1323 2460 ex
1348 2400 1540 2460 lubitu
1581 2407 1867 2478 peccata,
1903 2401 1990 2459 illi
2028 2402 2329 2460 vindicant
2355 2401 2470 2462 sibi

342 2520 518 2565 omne
546 2503 865 2576 Divinum,
902 2508 1053 2563 etse
1084 2501 1385 2563 Christum
1415 2507 1664 2577 vocant3
1701 2502 2019 2577 persuasio
2049 2517 2274 2577 eorum,
2305 2500 2467 2577 quod

341 2607 429 2663 ita
472 2606 574 2677 sit,
630 2605 768 2664 talis
807 2611 932 2680 est,
988 2610 1088 2679 ut,
1146 2603 1250 2662 ubi
1296 2602 1513 2678 influit,
1569 2600 1881 2679 perturbet
1928 2602 2192 2673 animos,
2245 2619 2317 2661 ac
2369 2604 2466 2661 in-

309 2705 525 2774 fducat
558 2705 841 2764 tenebras
879 2722 1073 2781 usque
1111 2705 1188 2763 ad
1228 2703 1526 2778 dolorem3
1581 2719 1778 2779 paene
1814 2702 1929 2760 sibi
1965 2702 2192 2761 similes
2233 2693 2468 2761 suntin

341 2813 597 2883 utroque
647 2813 838 2877 statu,
890 2805 1000 2865 sed
1045 2808 1104 2863 in
1152 2805 1423 2865 secundo
1471 2810 1612 2863 sunt
1655 2802 1886 2880 absque
1921 2802 2350 2879 rationalitate3
2407 2811 2470 2861 at

342 2906 418 2967 de
455 2909 703 2966 insaniis
739 2906 1011 2980 illorum,
1069 2923 1139 2964 ac
1177 2906 1250 2965 de
1288 2912 1451 2965 sorte
1488 2905 1724 2964 illorum
1752 2909 1892 2981 post
1930 2904 2089 2963 hunc
2130 2910 2369 2976 statum,
2407 2904 2467 2961 in

342 3010 550 3085 specie
595 3008 799 3084 aliqua
836 2989 1110 3066 dicentur
1135 3010 1196 3065 in
1234 3004 1544 3082 Opusculo
1581 3005 1655 3064 de
1697 3004 1920 3066 Ultimo
1966 3003 2207 3065 Judicio
2245 3010 2306 3063 et
2340 3003 2462 3064 Ba-

339 3108 588 3185 bylonia
634 3107 960 3167 destructa.
1051 3106 1168 3182 Qui
1219 3091 1580 3166 creationem
1628 3106 2024 3166 attribuerunt
2071 3113 2352 3176 naturae,
2408 3112 2470 3165 et

341 3209 483 3269 inde
520 3215 895 3284 negaverunt
942 3207 1154 3282 corde,
1209 3210 1451 3265 tametsi
1499 3225 1618 3266 non
1657 3223 1790 3282 ore,
1846 3207 2158 3280 Divinum,
2214 3204 2465 3283 proinde

346 3311 545 3369 omnia
578 3308 890 3368 Ecclesiae
928 3315 989 3367 et
1020 3307 1219 3382 Coeli,
1274 3307 1361 3367 illi
1410 3309 1756 3367 consociant
1791 3324 1857 3365 se
1896 3325 2031 3365 cum
2076 3305 2370 3366 similibus
2406 3307 2467 3365 in

343 3409 460 3469 hoc
494 3415 684 3483 statu,
726 3416 785 3467 et
820 3416 1038 3468 vocant
1067 3425 1484 3485 quemcunque
1521 3393 1752 3476 Deum,
1788 3408 1889 3480 qui
1923 3405 2262 3481 praepollet
2296 3411 2465 3463 astu-

343 3512 464 3580 tia,
517 3508 720 3567 colunt
755 3511 932 3568 etiam
972 3526 1106 3568 cum
1142 3508 1368 3568 honore
1403 3507 1655 3579 Divin03
1709 3505 1832 3563 vidi
1875 3504 2027 3563 tales
2072 3508 2132 3562 in
2168 3510 2467 3587 conventu

346 3608 667 3667 adorantes
719 3625 985 3683 magum,
1056 3616 1117 3667 et
1163 3606 1574 3684 consultantes
1624 3605 1699 3663 de
1753 3612 2002 3677 natura,
2071 3610 2131 3663 et
2180 3620 2248 3663 se
2300 3604 2466 3665 fatue

345 3713 658 3787 gerentes,
710 3709 870 3765 sicut
916 3708 1113 3766 forent
1145 3707 1379 3765 bestiae
1417 3705 1531 3763 sub
1568 3705 1760 3763 forma
1792 3704 2085 3782 humana3
2139 3707 2294 3765 inter
2328 3706 2468 3766 illos

345 3811 524 3870 etiam
582 3814 752 3867 erant
790 3810 892 3884 qui
931 3810 992 3866 in
1029 3806 1247 3864 mundo
1283 3808 1343 3865 in
1385 3805 1676 3883 dIgnitate
1718 3806 2029 3865 constituti
2077 3807 2346 3883 suerunt,
2407 3790 2508 3868 et'

345 3910 585 3989 quidam
627 3911 726 3986 qui
766 3911 825 3967 in
875 3907 1093 3966 mundo
1141 3906 1352 3966 crediti
1391 3906 1549 3966 docti
1588 3912 1649 3966 et
1682 3909 2006 3983 sapientes.
2097 3906 2219 3967 Alii
2267 3908 2458 3968 aliter.

342 4012 436 4071 Ex
467 4011 564 4071 his
598 4012 812 4087 paucis
848 4008 1125 4071 concludi
1158 4014 1395 4086 potest,
1462 4007 1673 4086 quales
1720 4014 1863 4068 sunt
1898 4025 2148 4087 quorum
2184 4010 2471 4069 interiora

346 4128 501 4188 quae
537 4113 752 4171 mentis
782 4111 992 4171 clausa
1025 4117 1170 4170 sunt
1203 4127 1416 4169 versus
1454 4110 1721 4180 coelum,
1775 4112 1841 4169 ut
1881 4117 2023 4170 sunt
2056 4108 2219 4187 apud
2256 4124 2467 4189 omnes

346 4214 450 4290 qui
496 4228 616 4271 non
651 4218 1015 4290 receperunt
1049 4211 1311 4289 aliquem
1344 4211 1635 4272 influxum
1678 4229 1712 4271 e
1749 4210 1918 4271 coelo
1954 4228 2065 4286 per
2101 4210 2466 4286 agnitionem

344 4311 578 4383 Divini,
631 4330 701 4373 ac
752 4332 860 4392 per
908 4316 1091 4375 vitam
1142 4311 1310 4374 fidei:
1394 4313 1650 4391 quisque
1695 4311 1970 4389 judicare
2009 4316 2215 4389 potest
2265 4326 2335 4366 ex
2379 4322 2468 4374 se,
