3013 5114
336 408 967 466 CONSOOIATIONES
1021 409 1116 464 ET
1157 408 1828 468 COMMUNICATONES
1868 411 1942 465 IN
1985 410 2250 470 COELO.
2344 422 2453 474 105

336 587 450 631 nos
478 573 677 631 minus
713 571 1050 646 sapientes;
1090 574 1150 629 et
1185 570 1347 647 quod
1380 570 1652 630 similiter
1675 573 1739 629 in
1763 573 2098 646 unaquavis
2135 569 2457 649 Societate,

335 690 415 730 n:
462 672 588 731 432
646 676 708 730 et
745 670 901 747 quod
937 670 1012 728 ab
1051 669 1295 730 Oriente
1333 671 1411 729 ad
1445 669 1830 730 Occidentem
1865 674 1926 730 in
1974 670 2155 730 Coelo
2189 671 2460 732 habitent

338 774 445 851 qui
487 773 549 829 in
592 771 749 830 bono
799 772 1052 841 amoris,
1107 777 1168 830 et
1221 787 1260 829 a
1301 771 1554 831 Meridie
1603 772 1681 830 ad
1721 770 2202 847 Septentrionem
2250 775 2352 849 qui
2397 775 2459 833 in

335 875 502 932 veris
554 889 591 930 a
643 871 831 945 bono,
895 871 1168 931 similiter
1215 875 1278 930 in
1335 874 1495 932 omni
1547 874 1866 947 societate,
1930 891 2001 930 n:
2062 874 2223 931 148.
2283 876 2455 933 149:

335 975 541 1033 omnia
586 971 692 1031 illa
737 980 880 1032 sunt
934 972 1264 1031 secundum
1318 973 1567 1033 sormam
1621 971 1818 1047 Coeli3
1873 972 2030 1032 unde
2080 972 2274 1048 qualis
2325 974 2455 1051 ejus

331 1074 530 1134 forma
570 1079 666 1132 est
707 1074 769 1130 in
810 1075 1135 1142 communi,
1188 1091 1261 1131 ex
1298 1073 1417 1132 illis
1465 1073 1741 1133 concludi
1779 1079 1981 1149 potest
2010 1068 2095 1153 (i)

496 1195 658 1251 201.
712 1192 975 1251 Interest
1009 1194 1164 1250 scire
1199 1193 1395 1268 qualis
1435 1193 1627 1251 forma
1665 1191 1835 1251 Coeli
1873 1199 1984 1263 est,
2023 1194 2302 1267 quoniam
2337 1210 2456 1252 non

333 1292 516 1353 modo
553 1292 879 1352 secundum
914 1291 1080 1350 illam
1115 1309 1320 1352 omnes
1372 1295 1696 1353 consociati
1751 1298 1917 1367 sunt,
1984 1291 2093 1350 sed
2133 1294 2311 1351 etiam
2348 1309 2450 1352 se-

336 1393 600 1454 cundum
639 1392 804 1452 illam
849 1392 916 1451 fit
963 1394 1152 1451 omnis
1209 1397 1698 1465 communicatio,
1763 1400 1822 1451 et
1874 1395 2013 1470 quia
2060 1394 2247 1451 omnis
2286 1410 2452 1452 com-

336 1495 663 1553 municatio
694 1474 878 1552 *etiam
923 1492 989 1551 fit
1037 1495 1228 1553 omnis
1275 1497 1544 1554 extensio
1595 1497 2018 1571 cogitationum
2074 1499 2133 1553 et
2181 1493 2451 1553 affectio·

333 1613 510 1669 num,
575 1594 825 1669 proinde
889 1596 1078 1653 omnis
1138 1595 1538 1671 intelligentia
1585 1602 1647 1654 et
1703 1597 2004 1672 sapientia
2049 1594 2452 1670 Angelorum:

333 1695 474 1754 inde
514 1702 639 1764 est,
678 1694 835 1769 quod
872 1700 1162 1770 quantum
1199 1695 1416 1771 aliquis
1452 1697 1514 1753 in
1550 1696 1740 1754 forma
1775 1696 1928 1754 coeli
1964 1702 2084 1767 est,
2135 1696 2222 1753 ita
2257 1712 2452 1771 quan·

334 1803 462 1854 tum
504 1801 597 1853 est
631 1796 823 1852 forma
860 1794 1062 1864 Coeli,
1115 1802 1347 1855 tantum
1384 1798 1631 1872 sapiens
1669 1799 1776 1854 sit:
1838 1799 1966 1855 sive
2015 1796 2182 1853 dicas
2221 1812 2358 1854 esse
2394 1797 2456 1854 in

334 1896 528 1955 forma
572 1894 758 1969 coeli,
815 1898 943 1959 sive
992 1898 1052 1953 in
1103 1896 1308 1954 ordine
1355 1894 1554 1964 Coeli,
1617 1895 1827 1954 eodem
1876 1895 2122 1969 recidit,
2177 1897 2455 1970 quoniam

334 1997 532 2055 forma
575 1996 841 2072 cujusvis
878 1997 966 2056 rei
1006 2003 1101 2055 est
1138 2013 1211 2055 ex
1248 1994 1485 2067 ordine,
1535 2002 1595 2054 et
1628 1994 1957 2055 secundum
1992 1993 2159 2052 illum
2192 1990 2299 2075 (k).

496 2119 661 2175 202.
715 2115 831 2174 Hic
866 2118 1120 2190 primum
1159 2114 1385 2192 aliquid
1420 2114 1684 2191 dicetur,
1724 2115 1865 2192 quid
1891 2117 1970 2173 sit
2006 2130 2142 2173 esse
2177 2115 2239 2171 in
2266 2113 2456 2174 forma

335 2217 529 2277 coeli:
583 2216 761 2275 homo
797 2222 1035 2275 creatus
1074 2221 1166 2275 est
1201 2215 1279 2274 ad
1322 2218 1642 2292 imaginem
1691 2215 1860 2275 Coeli
1908 2221 1968 2275 et
2012 2216 2090 2274 ad
2133 2217 2453 2292 imaginem

332 2316 574 2387 mundi,
621 2316 926 2375 Internum
964 2317 1096 2392 ejus
1132 2316 1211 2374 ad
1244 2317 1564 2394 imaginem
1601 2316 1803 2390 Coeli,
1855 2322 1915 2375 et
1948 2317 2274 2376 Externum
2318 2318 2450 2394 ejus

334 2418 414 2477 ad
457 2420 780 2493 imaginem
823 2416 1056 2486 Mundi,
1121 2416 1401 2476 videatur
1445 2433 1632 2493 supra
1688 2435 1759 2475 n:
1819 2417 1900 2475 57
1923 2435 1937 2489 3
1991 2419 2122 2474 sive
2173 2417 2336 2475 dicas
2376 2416 2455 2475 ad

330 2520 679 2597 imaginem,
719 2519 849 2577 sive
886 2516 1215 2577 secundum
1250 2518 1531 2592 formam,
1574 2517 1731 2577 idem
1770 2522 1893 2575 est:
1949 2516 2059 2575 sed
2094 2517 2237 2592 quia
2270 2515 2447 2575 homo

330 2638 443 2696 per
476 2619 638 2678 mala
670 2619 995 2679 voluntatis
1031 2634 1215 2687 suae,
1263 2625 1324 2677 et
1357 2618 1494 2676 inde
1530 2635 1644 2693 per
1675 2616 1831 2675 salsa
1867 2618 2273 2692 cogitationis,
2339 2616 2449 2675 de-

333 2722 556 2779 struxit
608 2719 771 2795 apud
813 2736 880 2778 se
931 2720 1250 2795 imaginem
1299 2718 1478 2792 coeli,
1547 2719 1633 2775 ita
1678 2717 1927 2775 formam
1979 2716 2142 2792 ejuS,
2205 2721 2265 2775 et
2314 2715 2448 2776 loco

334 2822 466 2898 ejus
500 2819 703 2878 intulit
739 2820 1058 2897 imaginem
1110 2825 1170 2878 et
1203 2820 1452 2877 formam
1494 2818 1739 2888 inferni,
1791 2817 1928 2876 ideo
1975 2816 2279 2875 Internum
2319 2817 2451 2894 ejus

331 2940 369 2980 a
401 2922 597 2996 prima
631 2921 943 2979 nativitate
981 2921 1255 2986 clausum
1292 2926 1384 2979 est
1396 2939 1414 2998 3
1472 2935 1627 2994 quae
1666 2935 1852 2977 causa
1889 2925 2011 2992 est,
2062 2917 2221 2994 quod
2252 2917 2452 2987 homo,

329 3037 510 3080 secus
548 3038 620 3078 ac
649 3021 930 3078 animalia
956 3022 1144 3096 omnis
1172 3022 1433 3096 generiS,
1471 3021 1533 3077 in
1561 3036 1785 3078 meram
1813 3020 2207 3095 ignorantiam
2233 3035 2451 3077 nasca-

329 3129 467 3180 tur:
517 3127 586 3180 ut
618 3138 766 3179 vero
805 3123 860 3180 ei
894 3126 1269 3180 restauretur
1302 3122 1500 3196 imago
1538 3137 1649 3179 seu
1683 3120 1873 3177 forma
1914 3119 2095 3193 coeli,
2144 3122 2447 3178 instruen-

330 3222 444 3281 dus
485 3228 584 3280 est
618 3224 677 3279 in
712 3221 931 3280 talibus
971 3238 1124 3296 quae
1169 3226 1310 3278 sunt
1344 3220 1597 3293 ordinis,
1662 3238 1829 3294 nam,
1892 3226 1958 3277 ut
2003 3236 2189 3296 supra
2225 3219 2449 3278 dictum

329 3328 458 3392 est,
514 3321 847 3380 secundum
896 3321 1163 3380 ordinem
1216 3327 1309 3379 est
1342 3321 1563 3379 forma:
1617 3319 1884 3379 Verbum
1932 3322 2194 3377 continet
2242 3333 2451 3376 omnes

328 3423 502 3499 leges
548 3422 768 3482 ordinis
805 3421 1038 3493 Divini,
1078 3438 1216 3478 nam
1249 3419 1420 3496 leges
1457 3420 1681 3480 ordinis
1709 3421 1915 3480 Divini
1948 3425 2088 3476 sunt
2121 3422 2452 3493 praecepta

329 3540 488 3600 quae
525 3523 635 3599 ibi3
694 3528 981 3597 quantum
1028 3523 1233 3596 itaque
1280 3520 1459 3579 homo
1499 3522 1615 3579 scit
1650 3518 1784 3594 illa,
1842 3524 1904 3577 et
1935 3519 2087 3575 vivit
2120 3516 2448 3576 secundum

323 3623 457 3698 illa,
520 3629 753 3682 tantum
802 3623 1068 3698 aperitur
1114 3623 1171 3680 ei
1220 3623 1550 3694 internum3
1605 3635 1677 3677 ac
1725 3618 1811 3677 ibi
1869 3636 1902 3677 e
1949 3601 2108 3677 noro
2154 3617 2445 3676 formatur

485 3853 559 3918 (i)
623 3852 793 3925 Quod
834 3852 1173 3906 universum
1216 3852 1460 3905 Coelum
1517 3850 1708 3922 quoad
1751 3868 1950 3904 omnes
1992 3851 2297 3905 societates
2338 3850 2448 3904 An·

324 3928 540 4001 gelicas
579 3945 612 3980 a
653 3927 905 3981 Domino
948 3927 1295 3999 dispositum
1348 3928 1422 3980 sit
1475 3927 1791 3981 secundum
1831 3928 2110 3981 Divinum
2154 3945 2319 3982 suum
2355 3945 2447 3980 or-

326 4005 555 4067 dinem,
601 4004 875 4075 quoniam
916 4003 1191 4056 Divinum
1232 4003 1469 4057 Domini
1511 4003 1662 4075 apud
1705 4006 1962 4078 Angelos
2001 4003 2141 4057 facit
2183 4004 2447 4068 Coelum,

321 4098 390 4133 n:
456 4086 625 4139 3038.
684 4088 851 4139 ’1211-
907 4088 1074 4140 9128.
1132 4086 1298 4139 9338·
1348 4087 1553 4139 10125.
1598 4089 1802 4141 10151·
1846 4089 2053 4141 10157.
2134 4080 2218 4133 De
2259 4079 2447 4132 forma

323 4156 583 4219 coelesti,
625 4172 697 4206 n:
741 4163 909 4217 4040.
953 4163 1124 4217 4041.
1168 4162 1339 4216 4042.
1382 4161 1551 4216 4043·
1597 4164 1766 4218 6607.
1811 4165 1981 4217 9877.

479 4232 567 4297 (k)
624 4228 789 4296 Quod
829 4231 1020 4284 forma
1062 4230 1229 4284 Coeli
1273 4232 1348 4284 sit
1388 4230 1579 4285 forma
1622 4233 1940 4288 secundum
1981 4232 2247 4285 ordinem
2289 4230 2448 4284 Divi·

322 4324 480 4373 num,
524 4325 592 4359 n:
638 4313 787 4369 4040
820 4306 891 4361 ad
920 4314 1090 4370 4043.
1125 4313 1292 4368 6607.
1330 4314 1494 4367 9877.
