3013 5114
536 394 877 449 dUCUNDA
914 393 1351 452 VERTUNTUR
1394 395 1465 451 IN
1510 397 2235 453 CORRESPONDENTIA.
2355 411 2462 463 297

342 555 501 615 bono
535 560 676 616 sunt
710 554 848 630 lux,
905 560 966 615 et
1001 572 1241 631 quoque
1278 557 1750 633 correspondent
1782 556 1929 635 luci,
1969 558 2245 618 videatur
2279 576 2467 637 supra

340 675 417 715 n:
471 660 603 716 126
639 655 716 714 ad
752 657 926 732 1343
983 673 1168 732 quare
1198 655 1327 726 illi,
1397 660 1499 734 qui
1536 660 1599 716 in
1634 661 1795 719 veris
1843 677 1918 720 ex
1956 660 2112 719 bono
2153 669 2327 731 sunt,
2373 664 2468 719 vi-

341 757 555 818 dentes
594 764 655 815 et
690 759 885 833 aperti
923 757 1113 817 oculis
1149 763 1320 832 sunt,
1375 776 1445 817 ac
1494 758 1840 818 discernunt
1882 761 1988 820 illa
2028 779 2180 837 quae
2215 762 2367 821 lucis
2406 769 2466 821 et

341 858 593 917 umbrae
631 865 788 916 sunt.
843 858 913 916 In
947 857 1040 916 his
1086 875 1322 934 quoque
1352 860 1556 918 datum
1597 866 1690 921 est
1716 879 1828 939 per
1855 864 2284 939 experientiam
2315 880 2461 922 con-

342 959 596 1036 firmari3
667 959 864 1036 angeli
919 961 1021 1042 qui
1073 962 1135 1017 in
1186 959 1371 1020 coelis
1415 966 1585 1033 sunt,
1657 967 1717 1022 et
1761 964 1967 1022 vident
2019 969 2078 1023 et
2127 965 2467 1041 percipiunt

342 1058 504 1118 mala
551 1066 611 1119 et
660 1059 842 1135 falsa,
901 1076 1055 1136 quae
1104 1061 1165 1118 in
1209 1076 1277 1119 se
1326 1061 1645 1138 aliquoties
1690 1070 2054 1139 exsurgunt,
2119 1070 2179 1123 et
2229 1082 2465 1141 quoque

342 1160 504 1218 mala
541 1167 599 1219 et
634 1161 790 1219 falsa
824 1163 884 1218 in
924 1160 1140 1237 quibus
1167 1167 1307 1219 sunt
1334 1164 1618 1240 spirituS‚
1657 1165 1757 1240 qui
1792 1164 2017 1240 alligati
2046 1171 2185 1223 sunt
2218 1164 2462 1224 infernis

337 1263 400 1320 in
434 1262 654 1320 mundo
690 1263 1040 1338 spirituum,
1078 1261 1184 1320 sed
1223 1264 1339 1339 ipsi
1375 1265 1622 1339 spiritus
1668 1282 1783 1323 non
1818 1272 2073 1342 possunt
2112 1264 2316 1324 videre
2352 1282 2465 1324 sua

336 1363 499 1421 mala
535 1368 596 1421 et
631 1362 819 1438 falsa3
875 1362 1018 1438 quid
1052 1363 1274 1421 bonum
1317 1366 1538 1422 amoris
1589 1365 1905 1436 coelestiS,
1969 1365 2109 1442 quid
2146 1367 2460 1425 conscien-

335 1465 453 1538 tia,
510 1463 654 1540 quid
695 1466 999 1522 sincerum
1039 1469 1099 1522 et
1135 1464 1369 1540 justum
1414 1467 1531 1524 nisi
1566 1466 1725 1542 quod
1771 1465 1839 1524 fit
1876 1473 2125 1543 propter
2159 1483 2259 1540 se,
2319 1466 2461 1543 quid

341 1564 421 1621 sit
470 1564 609 1623 duci
653 1581 689 1622 a
737 1563 1026 1639 Domine,
1100 1582 1218 1623 non
1256 1567 1528 1642 capiunt,
1610 1566 1813 1627 dicunt
1859 1567 2017 1643 quod
2060 1584 2177 1627 non
2227 1566 2457 1642 dentur,

342 1666 430 1722 ita
480 1665 639 1748 quod
685 1666 853 1724 nihili
901 1668 1037 1723 sint.
1131 1665 1302 1725 Haec
1354 1667 1516 1725 dicta
1562 1675 1734 1738 sunt,
1789 1668 1864 1726 ob
1905 1667 2113 1743 finem,
2169 1674 2235 1727 ut
2285 1667 2462 1727 homo

340 1754 613 1841 explo'ret
649 1782 744 1840 se,
804 1774 865 1827 et
901 1783 975 1824 ex
1003 1766 1290 1843 jucundis
1327 1768 1453 1826 suis
1482 1775 1807 1843 cognoscat
1842 1786 2103 1830 amorem
2143 1786 2351 1844 suum,
2399 1778 2462 1827 et

334 1865 500 1940 inde,
570 1873 856 1943 quantum
912 1884 987 1925 cx
1030 1869 1283 1925 scientia
1330 1867 1995 1944 correspondentiarum
2045 1872 2235 1946 capit,
2307 1872 2461 1929 sciat

334 1973 556 2026 statum
597 1984 746 2026 suae
794 1971 955 2026 vitae
993 1952 1132 2044 post
1179 1975 1447 2027 mortem.

491 2070 654 2128 488.
713 2066 1025 2144 Quomodo
1052 2069 1323 2146 jucunda
1354 2072 1518 2129 vitae
1548 2071 1815 2147 cujusvis
1853 2078 1993 2147 post
2029 2080 2282 2129 mortem
2318 2088 2454 2129 ver-

330 2175 536 2227 tuntur
576 2172 638 2227 in
679 2170 1241 2246 correspondentia,
1297 2170 1538 2247 quidem
1585 2189 1656 2231 ex
1692 2175 1947 2232 scientia
1975 2169 2457 2248 corresponden-

331 2273 549 2330 tiarum
585 2273 725 2330 sciri
758 2277 991 2348 potest,
1032 2271 1142 2330 sed
1177 2273 1316 2349 quia
1342 2272 1448 2331 illa
1475 2275 1730 2333 scientia
1765 2274 2027 2332 nondum
2064 2273 2314 2349 vulgata
2343 2278 2455 2347 est,

330 2372 513 2432 velim
569 2371 730 2430 illam
786 2390 910 2431 rem
960 2389 1072 2449 per
1126 2373 1419 2449 quaedam
1466 2377 1876 2451 experientiae
1917 2373 2197 2450 exempla
2239 2375 2301 2430 in
2338 2371 2455 2431 ali·-

331 2490 512 2549 quam
550 2472 744 2532 lucem
790 2476 1045 2532 mittere.
1155 2474 1380 2534 Omnes
1424 2473 1514 2532 illi
1560 2476 1661 2550 qui
1718 2475 1777 2530 in
1832 2474 1991 2531 malo
2043 2479 2216 2546 sunt,
2286 2477 2346 2530 ct
2392 2487 2460 2530 se

331 2573 835 2633 confirmaverunt
871 2578 932 2633 in
975 2574 1147 2633 falsis
1192 2581 1400 2633 contra
1444 2592 1592 2634 vera
1626 2575 1975 2649 Ecclesiae,
2034 2575 2324 2648 imprimis
2362 2575 2465 2649 qui

328 2675 671 2753 rejecerunt
710 2676 1008 2748 Verbum,
1065 2674 1154 2735 illi
1199 2676 1434 2750 fugiunt
1481 2675 1680 2734 lucem
1732 2673 1924 2749 Coeli,
1984 2680 2043 2732 et
2089 2675 2150 2731 in
2198 2679 2458 2751 cryptas,

329 2793 487 2853 quae
530 2780 592 2834 in
631 2779 930 2853 aperturis
966 2782 1263 2853 apparent
1304 2776 1689 2853 caliginosae,
1729 2793 1800 2835 ac
1838 2777 1898 2832 in
1930 2775 2223 2835 foramina
2250 2779 2459 2850 petra-

335 2896 506 2950 rum,
565 2894 630 2937 se
666 2879 1031 2954 proripiunt,
1090 2894 1160 2935 ac
1198 2876 1282 2935 ibi
1326 2892 1393 2936 se
1436 2876 1798 2953 recondunt3
1857 2883 1917 2935 et
1949 2875 2065 2935 hoc
2110 2876 2250 2951 quia
2291 2891 2460 2934 ama-

327 2986 545 3037 verunt
592 2979 780 3053 falsa,
837 2985 899 3037 et
947 2980 1116 3038 exosi
1162 2984 1303 3036 sunt
1344 2995 1522 3053 vera3
1579 2977 2051 3055 correspondent
2095 2955 2251 3036 enim
2299 2975 2454 3036 tales

327 3086 610 3158 cryptae,
662 3085 723 3138 et
760 3095 997 3155 quoque
1038 3080 1328 3138 foramina
1363 3085 1670 3154 petrarum
1702 3074 1806 3160 (t),
1865 3085 1989 3137 tum
2043 3077 2230 3153 salsa,
2284 3083 2459 3137 tene-

324 3179 450 3240 bris
482 3176 597 3260 (s),
647 3196 717 3238 ac
758 3178 861 3238 lux
898 3182 1092 3256 veris3
1139 3179 1473 3257 jucundum
1520 3179 1758 3239 illorum
1804 3187 1899 3239 est
1936 3179 2020 3238 ibi
2060 3178 2354 3252 habitare,
2394 3183 2456 3237 et

323 3281 720 3358 injucundum
765 3283 825 3338 in
862 3284 1089 3357 apertis
1138 3283 1385 3359 campis.
1468 3281 1756 3341 Similiter
1790 3282 2046 3352 faciunt,
2105 3279 2320 3354 quibus
2348 3278 2456 3354 ju-

321 3381 584 3439 cundum
612 3382 731 3439 ,fuit
766 3382 1135 3442 clandestine
1170 3383 1469 3451 insidiari,
1497 3398 1596 3441 ,ac
1630 3384 1692 3440 in
1742 3378 2092 3440 abscondito
2129 3377 2457 3436 machinari

326 3480 529 3554 dolos3
584 3480 647 3538 hi
697 3498 933 3556 quoque
988 3486 1049 3540 in
1103 3485 1332 3559 cryptis
1379 3482 1497 3540 illis
1555 3488 1730 3554 sunt,
1789 3497 1861 3538 ac
1913 3481 2136 3537 intrant
2185 3493 2456 3535 cameras

322 3582 411 3638 ita
450 3577 772 3648 obscura5‚
816 3588 885 3637 ut
918 3599 992 3639 ne
1031 3581 1276 3658 quidem
1311 3597 1469 3639 unus
1508 3581 1762 3639 alterum
1800 3578 2033 3652 videat,
2074 3580 2234 3636 acin
2261 3594 2453 3654 angu-

322 3681 397 3739 lis
432 3685 753 3738 susurrant
792 3681 852 3736 in
893 3697 1108 3756 aures3
1162 3683 1224 3739 in
1264 3680 1380 3740 hoc
1419 3681 1672 3739 vertitur
1698 3678 2034 3757 jucundum
2071 3680 2287 3739 amoris
2317 3677 2454 3738 illo-

322 3912 498 3967 Caeci
546 3913 602 3963 in
650 3911 854 3964 Verbo
899 3909 1227 3983 significent
1268 3910 1402 3963 illos
1445 3911 1543 3983 qui
1589 3910 1647 3963 in
1689 3908 1851 3962 falsis
1892 3921 2053 3976 sunt,
2099 3920 2155 3965 et
2198 3928 2313 3964 non
2355 3928 2453 3964 vo-

317 3990 446 4043 lunt
480 3987 724 4050 instrui,
769 4005 838 4039 n:
883 3995 1054 4049 2383.
1094 3994 1259 4048 6990.

476 4063 553 4129 (t)
622 4063 792 4141 Quod
847 4063 1112 4117 foramen
1167 4073 1225 4118 et
1276 4062 1481 4116 fissura
1533 4073 1737 4137 petrae
1795 4062 1854 4116 in
1907 4063 2110 4117 Verbo
2173 4063 2458 4134 significet

319 4135 635 4193 obscurum
675 4150 733 4193 et
759 4139 968 4195 falsum
1002 4139 1159 4203 fidei,
1202 4158 1269 4193 n:
1315 4148 1522 4201 10582.
1581 4138 1723 4206 Quia
1760 4141 1932 4193 Petra
1969 4140 2251 4212 significat
2282 4139 2452 4191 fidem

316 4234 350 4270 a
393 4216 676 4280 Domine,
719 4233 787 4269 n:
834 4225 1004 4278 8581.
1041 4225 1261 4278 10580=
1307 4228 1365 4272 et
1406 4218 1554 4289 lapis
1597 4234 1799 4271 verum
1842 4216 2000 4280 fidei,
2044 4234 2113 4269 n:
2157 4222 2289 4275 114.
2318 4221 2453 4274 643.

318 4299 486 4357 1298.
528 4295 694 4353 3720.
728 4299 892 4356 6426-
931 4300 1100 4356 8609.
1134 4301 1338 4354 10376.
