3013 5114
859 392 1200 460 QUATUOR
1238 393 1529 448 PLAGAE
1570 395 1643 448 IN
1686 394 1939 450 coELo.
2387 408 2454 459 83

334 558 674 616 sinistrum:
715 560 772 612 et
798 555 911 613 hoc
949 573 1189 632 quoque
1220 557 1279 614 in
1310 558 1467 614 omni
1495 559 1887 616 conversione
1917 560 2185 634 corporis
2217 576 2455 637 eorum3

335 674 447 716 nec
489 662 747 732 possunt
785 655 986 729 aliter,
1058 674 1132 714 ex
1184 673 1371 715 causa
1421 659 1560 732 quia
1597 661 1787 716 omnis
1827 659 2070 717 directio
2107 662 2459 720 interiorum

335 758 605 831 illorum,
677 764 738 816 et
783 757 921 815 inde
979 760 1168 816 omnis
1225 758 1638 817 determinatio
1689 758 1831 817 illuc
1870 762 2064 835 vergit
2112 767 2172 819 et
2220 763 2455 819 nititur:

340 859 497 935 quod
548 858 798 916 directio
854 859 1199 917 interiorum
1249 867 1307 916 et
1354 859 1491 917 inde
1547 859 1962 919 determinatio
2013 863 2265 921 actualis
2323 879 2454 920 om-

339 963 500 1017 nium
538 961 597 1016 in
636 957 827 1015 altera
860 961 984 1014 vita
1020 961 1098 1016 sit
1137 960 1466 1017 secundum
1503 977 1798 1030 amorem,
1850 962 2124 1019 videatur
2164 982 2231 1020 n:
2281 964 2453 1021 143:

341 1077 503 1118 amor
539 1059 774 1116 illorum
813 1061 915 1134 qui
948 1061 1009 1116 in
1046 1061 1292 1118 infernis
1343 1066 1482 1117 sunt
1530 1068 1622 1117 est
1672 1078 1838 1118 amor
1879 1063 1973 1118 sui
2012 1068 2070 1119 et
2104 1064 2335 1138 mundi,
2395 1070 2456 1121 et

339 1161 426 1219 illi
462 1176 699 1218 amores
737 1165 879 1216 sunt
915 1163 1017 1234 qui
1059 1160 1469 1236 significantur
1514 1179 1625 1237 per
1674 1160 1861 1219 solem
1914 1162 2116 1219 mundi
2155 1172 2215 1221 et
2250 1164 2455 1220 lunam

339 1261 602 1334 telluris,
644 1259 920 1318 videatur
957 1279 1025 1317 n:
1080 1264 1212 1319 122
1236 1282 1253 1337 3
1311 1268 1370 1320 et
1411 1279 1648 1336 quoque
1687 1261 1773 1318 illi
1815 1279 2049 1321 amores
2087 1270 2225 1320 sunt
2262 1281 2455 1339 oppo-

343 1363 439 1420 siti
479 1362 666 1419 amori
708 1363 766 1418 in
811 1361 1130 1419 Dominum
1174 1369 1234 1420 et
1283 1364 1469 1419 amori
1509 1380 1653 1437 erga
1687 1366 2022 1438 proximum
2072 1359 2264 1444 (ece);
2320 1363 2457 1422 inde

341 1470 459 1537 est,
514 1461 673 1537 quod
708 1478 775 1519 se
811 1469 1048 1519 vertant
1083 1463 1159 1520 ad
1190 1462 1490 1538 Caligines
1529 1462 1665 1521 illas
1702 1471 1862 1522 retro
1901 1482 1937 1522 a
1976 1464 2249 1524 Domino.
2323 1465 2454 1522 Ha-

341 1564 535 1621 bitant
576 1564 753 1620 etiam
794 1562 909 1631 illi,
953 1564 1137 1638 quiin
1174 1563 1429 1622 Infernis
1467 1570 1635 1637 sunt,
1677 1566 2006 1623 secundum
2044 1582 2187 1624 suas
2223 1565 2457 1642 plagae,

345 1664 430 1722 illi
475 1666 579 1741 qui
613 1666 674 1720 in
712 1663 885 1720 malis
916 1680 988 1721 ex
1026 1681 1228 1722 amore
1266 1667 1394 1738 sui,
1443 1664 1519 1721 ab
1559 1667 1786 1724 oriente
1826 1683 2029 1724 eorum
2068 1667 2145 1723 ad
2175 1666 2455 1726 occiden-

343 1772 464 1823 tem
498 1782 733 1839 eorum3
792 1756 894 1838 qui
928 1765 987 1820 in
1028 1764 1196 1822 falsis
1240 1765 1411 1838 mali,
1470 1781 1508 1821 a
1544 1765 1792 1823 meridie
1835 1783 2041 1823 eorum
2089 1767 2166 1824 ad
2206 1773 2455 1843 septen—

342 1867 596 1924 trionem
641 1878 884 1922 eerum:
939 1864 1049 1923 sed
1085 1865 1159 1922 de
1196 1865 1289 1922 his
1339 1865 1494 1921 infra
1530 1865 1709 1940 plura
1742 1864 1846 1922 ubi
1884 1865 1956 1923 de
1994 1865 2269 1924 Infernis.

504 1968 665 2025 152.
748 1964 1003 2040 Quando
1052 1964 1267 2039 aliquis
1319 1965 1514 2023 malus
1565 1966 1808 2040 spiritus
1857 1966 2012 2023 inter
2046 1966 2235 2024 bonos
2277 1967 2455 2041 venit,

341 2067 540 2127 solent
588 2069 672 2124 ita
723 2066 942 2141 plagae
1001 2067 1309 2140 confundi,
1374 2073 1456 2124 ut
1509 2066 1648 2124 boni
1699 2068 1796 2123 vix
1845 2069 2037 2124 sciant
2081 2066 2185 2125 ubi
2244 2065 2461 2126 Oriens

345 2186 553 2228 eorum
593 2173 714 2243 est3
773 2167 934 2241 quod
974 2169 1151 2225 etiam
1190 2167 1509 2244 aliquoties
1547 2168 1770 2225 sactum
1808 2171 2086 2246 percepi,
2124 2175 2184 2227 et
2226 2185 2463 2245 quoque
2553 2206 2564 2212 -

346 2288 383 2329 a
417 2268 756 2346 spiritibus,
815 2269 915 2343 qui
954 2268 1027 2325 de
1068 2286 1137 2326 eo
1178 2264 1519 2344 conquesti,
1561 2269 1782 2326 audivi.

506 2394 535 2446 1
557 2389 589 2447 5
608 2389 668 2447 3.
720 2386 866 2444 Mali
906 2386 1164 2462 Spiritus
1195 2387 1554 2463 quandoque
1592 2393 1888 2463 apparent
1917 2390 2196 2446 conversi
2222 2387 2297 2445 ad
2323 2387 2461 2464 pla-

341 2507 452 2568 gas
501 2489 683 2564 coeli,
742 2495 801 2547 et
858 2495 999 2546 tunc
1050 2488 1166 2546 illis
1220 2487 1615 2563 intelligentia
1674 2496 1732 2545 et
1779 2490 2088 2563 perceptio
2142 2490 2300 2555 veri,
2353 2487 2465 2547 sed

341 2592 510 2650 nulla
546 2590 779 2649 affectio
820 2589 986 2658 boni,
1029 2608 1214 2671 quare
1256 2596 1322 2646 ut
1351 2591 1609 2664 primum
1647 2605 1713 2646 se
1756 2587 1832 2645 ad
1868 2605 2011 2646 suas
2048 2587 2265 2664 plagas
2302 2596 2463 2647 retro

343 2699 726 2762 convertunt,
781 2693 842 2748 in
895 2690 1062 2748 nulla
1116 2689 1513 2764 intelligentia
1566 2694 1625 2746 et
1673 2691 2062 2765 perceptione
2113 2691 2242 2748 veri
2304 2695 2462 2762 sunt,

343 2794 612 2853 dicentes
662 2800 832 2866 tunc,
892 2791 1051 2867 quod
1103 2809 1248 2850 vera
1303 2807 1456 2866 quae
1511 2789 1869 2848 audiverunt
1929 2797 1989 2849 et
2040 2796 2463 2867 perceperunt,

341 2912 463 2952 non
508 2911 656 2953 vera
695 2895 811 2950 sint
861 2892 970 2951 sed
1015 2891 1198 2965 salsa,
1268 2894 1448 2950 etiam
1491 2890 1699 2949 volunt
1736 2892 1898 2967 quod
1944 2892 2099 2950 salsa
2134 2893 2252 2949 sint
2286 2908 2464 2951 vera:
2512 2950 2518 2957 ,

339 2996 694 3053 informatus
724 3011 857 3052 sum
893 2993 967 3051 de
1002 2993 1116 3051 hac
1154 2994 1573 3065 conversione,
1616 2992 1774 3067 quod
1810 3010 2029 3069 nempe
2071 2992 2249 3070 apud,
2271 2992 2465 3051 malos

338 3095 748 3155 intellectuale
790 3096 985 3171 possit
1027 3096 1111 3151 ita
1160 3094 1456 3166 converti,
1517 3110 1634 3151 non
1676 3100 1876 3151 autem
1917 3094 2350 3165 voluntarium3
2408 3099 2470 3151 et

343 3197 506 3272 quod
545 3196 656 3253 hoc
696 3198 1002 3270 provisum
1041 3197 1117 3251 sit
1161 3213 1196 3251 a
1230 3195 1517 3263 Domin0‚
1554 3194 1630 3251 ob
1666 3194 1841 3252 finem
1880 3202 1944 3252 ut
1981 3197 2235 3270 quisque
2255 3196 2468 3269 possit

343 3297 549 3355 videre
589 3302 649 3355 et
689 3313 1015 3372 agnoscere
1067 3312 1241 3367 vera,
1297 3295 1405 3353 sed
1458 3294 1619 3371 quod
1674 3313 1847 3354 nemo
1896 3297 2153 3371 recipiat
2204 3293 2305 3350 illa
2354 3294 2469 3350 nisi

341 3399 402 3456 in
444 3397 603 3456 bono
644 3399 748 3470 sit,
805 3397 953 3472 quia'
981 3395 1202 3453 bonum
1244 3403 1336 3453 est
1389 3395 1551 3471 quod
1585 3397 1796 3470 recipit
1837 3413 2015 3463 vera,
2072 3401 2131 3452 et
2166 3410 2467 3467 nusquam

327 3499 601 3571 malum:
658 3505 782 3555 tum
820 3496 978 3572 quod
1013 3496 1205 3553 simile
1255 3498 1333 3553 sit
1370 3495 1533 3571 apud
1583 3495 1914 3567 hominem,
1984 3494 2059 3553 ob
2110 3510 2354 3552 causam
2401 3498 2470 3551 ut

341 3599 648 3658 emendari
684 3606 864 3673 queat
898 3615 1008 3673 per
1044 3615 1218 3669 vera,
1250 3596 1385 3654 ··sed
1414 3594 1575 3671 quod
1616 3612 1806 3669 usque
1849 3612 1965 3652 non
2006 3595 2144 3670 plus
2182 3594 2468 3653 emende-

338 3706 468 3775 tur,
538 3717 715 3776 quam
759 3708 1045 3775 quantum
1089 3700 1150 3755 in
1203 3697 1358 3755 bono
1410 3706 1531 3770 cst3
1606 3704 1665 3755 et
1714 3695 1873 3771 quod
1924 3695 2063 3755 inde
2115 3698 2223 3772 sit,
2312 3694 2473 3773 quod

498 3932 655 3997 (ecc)
700 3930 865 3997 Quod
896 3931 994 4002 qui
1038 3930 1097 3982 in
1139 3929 1443 3982 amoribus
1488 3928 1575 3981 sui
1613 3939 1671 3982 et
1703 3928 1902 3982 mundi
1946 3940 2096 3994 sunt,
2143 3945 2202 3983 se
2242 3937 2477 3982 vertant

341 4019 508 4061 retro
551 4026 582 4061 a
623 4008 898 4070 Domino,
943 4024 1011 4058 n:
1060 4013 1264 4067 10130.
1312 4013 1513 4065 10189.
1556 4014 1762 4067 10420.
1815 4013 2022 4068 10702.
2108 4004 2274 4071 Quod
2307 4020 2475 4058 amor

341 4085 401 4136 in
460 4085 766 4137 Dominum
816 4093 872 4136 ct
927 4082 1188 4135 Charitas
1243 4099 1377 4153 erga
1435 4083 1764 4154 proximum
1825 4081 2041 4135 saciant
2082 4083 2345 4145 coelum,
2405 4098 2473 4134 ac

342 4178 510 4212 amor
537 4161 622 4212 sui
660 4171 716 4213 ct
758 4176 922 4211 annor
960 4157 1154 4210 mundi
1200 4156 1412 4210 faciant
1463 4158 1787 4220 infernum,
1834 4158 1969 4230 quia
2014 4169 2146 4211 sunt
2183 4156 2466 4229 oppositi,

341 4254 410 4288 1¹2
455 4244 624 4297 2041·
670 4244 834 4296 3610·
871 4242 1042 4297 4225.
1080 4244 1249 4295 4776.
1279 4242 1449 4294 6210.
1489 4242 1659 4293 7366.
1699 4242 1867 4292 7369.
1901 4241 2068 4294 7490.
2095 4241 2263 4294 8232.
2300 4238 2471 4291 8678.

346 4320 553 4372 10455·
594 4320 776 4372 10741
812 4311 883 4365 ad
921 4317 1126 4370 10745.
1954 4397 1985 4449 f
2014 4386 2052 4424 Ξ*

1973 4418 1986 4447 ›

2581 4601 2780 4768 ff

2483 4985 2484 4988 =
2519 4955 2604 5002 233.
