3013 5114
1935 194 1959 224 Q

566 416 672 470 192
1173 403 1268 458 DE
1311 400 1548 458 COELO
1590 399 1685 455 ET
1724 397 2067 456 INFERNO.

506 552 540 585 ⁸
568 567 872 625 lescentes
913 568 973 621 et
999 548 1296 641 juveneS,
1351 568 1445 621 est
1492 578 1678 621 causa
1716 563 1854 638 quia
1896 558 2293 636 intelligent-ia
2348 565 2406 619 et
2440 561 2687 637 sapien-

563 669 653 725 tia
696 671 789 723 cst
822 665 957 740 ipsa
991 667 1237 722 nutritio
1276 663 1610 741 spiritualis
1662 658 1766 744 (rr)
1780 682 1798 737 3
1855 662 1989 721 ideo
2028 678 2183 737 quae
2219 663 2487 720 nutriunt
2523 679 2691 721 men-

563 774 655 826 tes
705 782 945 839 eorum,
1017 782 1089 823 ea
1137 782 1374 841 quoque
1422 766 1692 822 nutriunt
1742 779 1995 840 corpora
2037 780 2273 838 eorum,
2351 769 2411 820 et
2453 762 2568 823 hoe
2616 781 2693 822 ex

567 865 1130 942 correspondentia‚
1208 883 1344 923 nam
1401 865 1595 924 forma
1648 866 1951 940 corporis,
2025 880 2141 920 non
2197 868 2291 922 est
2344 866 2460 922 nisi
2514 882 2694 940 quam

564 969 756 1027 forma
805 972 1054 1025 externa
1099 969 1464 1025 interiorum.
1561 964 1883 1025 Sciendum
1933 971 2052 1038 est,
2119 963 2280 1041 quod
2328 963 2594 1024 Infantes
2630 966 2694 1024 in

568 1068 745 1128 coelo
801 1085 917 1125 non
956 1067 1303 1126 adolescant
1339 1067 1495 1125 ultra
1532 1085 1708 1144 quam
1748 1066 1823 1124 ad
1866 1067 2115 1143 primam
2155 1066 2565 1142 juventutem,
2623 1082 2693 1125 ac

568 1170 653 1229 ibi
707 1169 1042 1228 subsistant
1084 1171 1145 1226 in
1199 1175 1526 1227 aeternum.
1625 1167 1706 1228 Ut
1753 1185 1861 1244 pro
1918 1174 2081 1226 certo
2134 1168 2350 1225 scirem
2403 1166 2564 1242 quod
2609 1168 2697 1225 ita

572 1273 677 1345 sit,
753 1270 957 1328 datum
1011 1275 1103 1328 est
1149 1269 1311 1346 loqui
1363 1285 1495 1326 cum
1549 1268 1848 1344 aliquibus
1900 1268 2003 1344 qui
2050 1274 2115 1326 ut
2159 1267 2415 1326 infantes
2456 1267 2695 1328 educati

576 1377 716 1431 sunt
754 1372 814 1428 in
857 1370 1056 1444 coelo,
1117 1376 1176 1428 et
1214 1372 1314 1446 qui
1350 1369 1743 1429 adoleverunt
1779 1369 1858 1426 ibi
1871 1388 1887 1445 3
1947 1385 2083 1427 cum
2120 1367 2477 1445 quibusdam
2515 1370 2695 1428 etiam

573 1471 813 1549 quando
852 1472 1110 1530 infantes
1160 1478 1359 1540 erant,
1415 1477 1475 1528 et
1526 1470 1661 1529 dein
1711 1488 1842 1527 cum
1889 1470 2101 1529 iisdem
2150 1470 2389 1545 quando
2430 1470 2693 1547 juvenes

565 1573 745 1647 sacti3
788 1577 848 1629 et
885 1570 958 1628 ab
995 1571 1114 1629 illis
1153 1571 1357 1630 audivi
1390 1573 1548 1630 vitae
1587 1588 1791 1630 eorum
1835 1587 2076 1631 cursum
2113 1569 2187 1628 ab
2224 1587 2347 1629 una
2381 1577 2579 1631 aetate
2616 1570 2695 1631 ad

567 1672 834 1731 alteram.

733 1774 894 1831 341.
963 1772 1140 1848 Quod
1186 1772 1534 1833 Innocentia
1586 1775 1663 1831 sit
1713 1773 2160 1851 receptaculum
2215 1776 2472 1832 omnium
2522 1773 2694 1846 coeli,

575 1881 635 1933 et
671 1874 757 1933 sic
800 1874 961 1950 quod
998 1872 1350 1934 Innocentia
1395 1875 1681 1932 infantum
1722 1877 1800 1933 sit
1838 1875 2080 1952 planum
2124 1860 2390 1933 omnium
2422 1873 2690 1934 affectio·

574 1993 717 2033 num
758 1975 898 2034 boni
930 1982 990 2033 et
1022 1978 1179 2049 veri,
1229 1983 1505 2034 constare
1543 1982 1744 2052 potest
1781 1994 1855 2034 ex
1880 1975 1998 2035 illis
2036 1993 2190 2052 quae
2226 1979 2393 2053 prius
2433 1993 2504 2035 n:
2549 1975 2686 2034 276

572 2075 651 2134 ad
687 2077 822 2134 283
866 2075 939 2133 de
967 2075 1314 2135 Innocentia
1344 2076 1716 2152 Angelorum
1743 2079 1801 2134 in
1833 2076 2015 2137 Coelo
2055 2083 2299 2135 ostensa
2325 2083 2486 2154 sunt,
2529 2075 2690 2152 quod

573 2194 788 2252 nempe
826 2176 1175 2234 Innocentia
1223 2177 1301 2233 sit
1334 2176 1490 2235 velle
1531 2175 1666 2235 duci
1717 2195 1754 2235 a
1793 2177 2080 2253 Domino,
2141 2184 2202 2235 et
2236 2195 2355 2235 non
2390 2195 2427 2236 a
2471 2182 2689 2253 semet;

566 2275 815 2352 proinde
856 2274 1015 2351 quod
1050 2275 1226 2334 homo
1269 2281 1498 2334 tantum
1536 2279 1594 2334 in
1635 2279 1974 2336 innocentia
2011 2280 2121 2353 sit,
2178 2284 2463 2354 quantum
2493 2294 2692 2338 remo-

568 2382 664 2435 tus
706 2383 799 2435 est
833 2393 869 2433 a
896 2392 1004 2434 suo
1040 2379 1313 2453 propri03
1371 2384 1430 2434 et
1467 2383 1753 2452 quantum
1797 2379 2012 2455 aliquis
2064 2396 2101 2437 a
2142 2396 2250 2438 suo
2297 2381 2541 2456 proprio
2587 2395 2689 2437 re·

562 2484 757 2536 motus
797 2483 919 2554 est,
979 2483 1209 2536 tantum
1248 2481 1309 2536 in
1344 2478 1598 2554 Proprio
1634 2478 1875 2538 Domini
1912 2488 2005 2539 est
2018 2499 2036 2556 3
2095 2479 2411 2557 Proprium
2447 2479 2687 2538 Domini

561 2588 656 2639 est
684 2580 840 2657 quod
869 2586 1119 2639 vocatur
1146 2580 1396 2639 Justitia
1429 2588 1489 2639 et
1525 2580 1809 2641 Meritum
1843 2582 2099 2641 Domini.
2185 2581 2307 2642 Sed
2347 2583 2688 2641 innocentia.

562 2682 851 2739 infantum
890 2699 1004 2740 non
1036 2687 1128 2740 est
1168 2684 1427 2758 genuina
1455 2684 1830 2756 innocentia,
1880 2685 2019 2759 quia
2046 2690 2137 2742 est
2175 2683 2400 2759 absque
2437 2685 2686 2759 sapien-

564 2783 650 2840 tia
700 2781 927 2856 adhuc3
982 2784 1242 2858 genuina
1286 2781 1637 2843 Innocentia
1691 2789 1782 2843 est
1818 2786 2147 2860 sapientia,
2215 2801 2350 2842 nam
2402 2790 2689 2860 quantum

565 2881 780 2957 aliquis
827 2883 1070 2957 sapiens
1119 2887 1242 2956 est,
1308 2889 1537 2941 tantum
1585 2891 1746 2942 amat
1785 2885 1921 2946 duci
1961 2903 1997 2944 a
2038 2886 2326 2955 Domino,
2379 2901 2490 2944 seu
2528 2882 2688 2963 quod

565 2980 750 3054 idem,
795 2988 1080 3056 quantum
1122 2981 1338 3058 aliquis
1385 2982 1620 3041 ducitur
1658 3002 1695 3041 a
1728 2986 2004 3062 Domin0‚
2036 2993 2265 3045 tantum
2294 2988 2536 3063 sapiens
2576 2991 2686 3044 est.

561 3081 990 3140 Perducuntur
1034 3083 1237 3157 itaque
1287 3082 1555 3143 Infantes
1606 3084 1681 3143 ab
1733 3086 2081 3146 Innocentia
2135 3094 2407 3161 externa,
2470 3089 2532 3146 in
2569 3102 2691 3164 qua

562 3184 825 3259 primum
872 3188 1042 3256 sunt,
1103 3200 1260 3259 quae
1305 3192 1555 3243 vocatur
1608 3185 1959 3246 Innocentia
2007 3166 2324 3257 infantiae,
2387 3189 2463 3247 ad
2503 3187 2691 3246 Inno-

565 3284 826 3343 centiam
856 3286 1179 3357 internam,
1237 3302 1391 3360 quae
1429 3292 1523 3344 est
1551 3286 1900 3347 Innocentia
1933 3290 2243 3365 sapientae
2261 3308 2278 3365 3
2327 3288 2476 3349 haec
2501 3287 2690 3347 Inno-

565 3386 762 3445 centia
799 3392 892 3444 est
938 3384 1072 3444 finis
1116 3387 1305 3445 omnis
1362 3387 1770 3447 instructionis
1827 3396 1887 3449 et
1935 3392 2372 3467 progressionis
2421 3390 2687 3466 illorum3

564 3504 751 3563 quare
799 3502 932 3546 cum
974 3485 1053 3544 ad
1089 3485 1505 3546 Innocentiam
1546 3491 1881 3566 sapientiae
1919 3493 2198 3567 veniunt,
2254 3496 2395 3550 tunc
2430 3490 2686 3568 conjun-

717 3700 834 3767 (rr)
877 3697 1043 3765 Quod
1085 3701 1250 3756 cibus
1293 3702 1615 3773 spiritualis
1659 3701 1734 3756 sit
1775 3703 2034 3769 scientia,
2084 3702 2469 3778 intelligentia
2510 3713 2568 3758 et
2607 3719 2689 3756 sa-

563 3773 814 3845 pientia,
860 3776 937 3829 ita
977 3777 1197 3831 honum
1236 3789 1293 3832 et
1332 3798 1566 3844 verum,
1633 3796 1700 3832 ex
1742 3778 1953 3851 quibus
2001 3780 2129 3845 illa,
2193 3794 2263 3833 n:
2306 3787 2475 3841 3114.
2517 3785 2687 3841 4459.

563 3857 732 3910 4792.
777 3859 943 3912 5147.
990 3860 1156 3913 5293.
1203 3862 1368 3914 5340·
1415 3865 1583 3917 5342·
1640 3864 1806 3917 5410·
1864 3864 2033 3917 5426.
2084 3865 2252 3917 5576-
2304 3865 2470 3919 5582-
2517 3863 2688 3916 5588.

564 3933 732 3987 5655.
795 3935 964 3987 8562.
1024 3936 1194 3989 9003.
1296 3931 1437 3984 Inde
1498 3932 1658 4004 quod
1710 3932 1875 3986 cibus
1929 3934 1989 3986 in
2046 3934 2335 4005 spirituali
2393 3950 2565 3986 sensu
2617 3932 2692 3985 sit

563 4019 734 4055 omne
776 4002 932 4073 quod
972 4004 1089 4057 exit
1129 4023 1197 4057 ex
1239 4022 1342 4057 ore
1385 4009 1641 4072 Domini,
1685 4025 1755 4060 n:
1800 4017 1929 4069 681.
2013 4007 2155 4074 Quia
2193 4009 2362 4062 Panis
2406 4009 2692 4081 significat

563 4094 794 4130 omnem
836 4075 1044 4129 Cibum
1089 4080 1148 4130 in
1189 4097 1422 4152 genere,
1466 4082 1599 4135 ideo
1642 4084 1740 4137 ille
1783 4084 2065 4159 significat
2109 4103 2280 4139 omne
2308 4085 2530 4138 honum
2561 4101 2694 4139 coe-

563 4155 706 4208 leste
748 4163 806 4206 et
846 4150 1166 4223 spirituale,
1209 4168 1281 4211 n:
1322 4163 1454 4216 276.
1498 4166 1631 4218 680.
1675 4167 1844 4221 2165.
1887 4169 2058 4221 2177.
2102 4169 2273 4223 3478.
2311 4169 2477 4222 6118·
2517 4169 2689 4222 8410.

563 4230 777 4295 Causa,
841 4230 976 4302 quia
1017 4230 1114 4284 illa
1156 4230 1422 4286 nutriunt
1462 4246 1743 4301 mentem,
1810 4254 1956 4308 quae
1997 4239 2218 4292 luterni
2262 4239 2550 4302 hominis,
2614 4254 2689 4290 n:

562 4313 732 4369 4459.
778 4313 945 4368 5293.
991 4313 1158 4369 5576.
1203 4316 1368 4370 6277.
1414 4317 1588 4371 8418.
