3013 5114
631 420 729 473 DE
771 418 1132 474 DIVITlBUS
1179 418 1271 474 ET
1313 417 1757 476 PAUPERIBUS
1796 417 1869 472 IN
1907 419 2160 476 COELO.
2346 433 2455 495 215

335 587 457 653 tat,
513 582 699 641 etiam
745 580 895 640 velit
947 587 1007 640 et
1057 581 1264 654 faciat,
1323 587 1383 639 et
1436 598 1571 640 curu
1631 581 1746 641 hoc
1792 581 1895 657 fit,
1963 581 2124 661 quod
2172 600 2292 640 non
2338 584 2455 642 duo

335 685 455 741 sint
504 682 614 742 sed
648 700 864 741 unum:
915 681 1029 739 hoc
1070 680 1492 740 intellexerunt
1539 681 1724 757 bene,
1784 690 1844 741 et
1892 684 2088 760 gavisi
2127 688 2298 754 sunt,
2360 682 2452 743 di-

336 790 542 844 centes
596 782 757 859 quod
816 798 935 840 non
990 781 1550 858 comprehenderint
1595 784 1657 841 in
1704 784 1922 844 mundo
1982 782 2138 860 quod
2194 782 2454 843 Credere

334 883 499 944 aliud
546 889 711 945 esset
753 874 932 958 quam
974 882 1215 942 Vivere.

493 984 655 1043 365.
734 984 826 1041 Ex
875 982 968 1041 his
1023 989 1295 1042 constare
1343 989 1576 1060 potest,
1646 983 1806 1062 quod
1853 983 2092 1043 Divites
2145 1000 2340 1060 aeque
2383 1000 2453 1043 ac

334 1085 645 1160 Pauperes
684 1086 745 1142 in
787 1082 1034 1142 Coelum
1071 1086 1341 1157 veniant,
1399 1090 1459 1143 et
1492 1090 1617 1143 tam
1660 1084 1836 1144 facile
1872 1101 2026 1143 unus
2065 1101 2244 1161 quam
2281 1083 2450 1143 alter.

336 1185 513 1262 Quod
549 1174 831 1244 credatur
879 1184 1037 1261 quod
1089 1183 1401 1258 Pauperes
1447 1184 1656 1257 facile,
1719 1201 1790 1243 ac
1825 1184 2059 1243 Divites
2094 1200 2307 1260 aegre,
2361 1190 2454 1242 est

334 1288 477 1362 quia
515 1284 784 1344 Verbum
835 1302 953 1342 non
995 1284 1365 1342 intellectum
1409 1291 1532 1359 est,
1588 1285 1693 1344 ubi
1726 1287 2104 1344 nominantur
2139 1283 2354 1343 divites
2393 1290 2455 1342 et

331 1402 668 1464 pauperes;
724 1402 838 1461 per
872 1384 1106 1443 Divites
1145 1384 1228 1443 ibi
1265 1384 1683 1461 intelliguntur
1716 1388 1777 1444 in
1813 1385 2110 1462 spirituali
2145 1400 2328 1444 sensu
2364 1383 2453 1442 illi

331 1489 435 1564 qui
471 1485 778 1545 abundant
816 1484 1251 1561 cognitionibus
1287 1483 1448 1561 boni„
1478 1492 1540 1545 et
1578 1489 1733 1556 veri,
1785 1488 1869 1544 ita
1914 1489 2016 1562 qui
2051 1488 2206 1544 intra
2241 1484 2452 1543 Eccle-

332 1589 485 1646 siam
520 1593 661 1645 sunt
695 1586 801 1646 ubi
847 1593 940 1644 est
981 1584 1280 1662 Verbum3
1338 1594 1397 1645 et
1448 1604 1559 1663 per
1592 1588 1903 1664 Pauperes
1945 1586 2032 1644 illi
2078 1585 2291 1661 quibus
2339 1584 2449 1644 de-

334 1676 543 1746 ficiunt
594 1654 966 1762 coffltiones
1017 1685 1186 1769 illae,
1252 1692 1562 1765 ettamen
1606 1687 1949 1746 desiderant
1998 1687 2166 1759 illas,
2228 1687 2312 1743 ita
2350 1688 2451 1760 qui

338 1793 511 1846 extra
550 1786 885 1845 Ecclesiam
919 1793 1058 1845 sunt
1092 1785 1195 1844 ubi
1229 1804 1346 1845 non
1388 1786 1674 1846 Verbum.
1760 1787 1881 1846 Per
1914 1787 2178 1845 Divitem
2214 1788 2317 1863 qui
2350 1787 2451 1842 in-

336 1886 634 1946 duebatur
687 1904 958 1963 purpura
1004 1894 1063 1946 et
1118 1887 1334 1963 byss0,
1406 1895 1466 1945 et
1521 1888 1825 1963 projectus
1875 1895 1968 1945 est
2018 1889 2079 1944 in
2132 1886 2446 1956 infernum,

333 1986 685 2064 intelligitur
736 1985 899 2045 Gens
947 1986 1240 2061 Judaica,
1311 2004 1467 2068 quae
1521 1989 1661 2064 quia
1720 1985 1985 2047 habebat
2039 1984 2332 2059 Verbum,
2394 1996 2451 2043 et

330 2087 470 2145 inde
520 2086 865 2145 abundabat
918 2086 1354 2164 cognitionibus
1410 2087 1551 2146 boni
1602 2095 1663 2147 et
1725 2089 1884 2161 veri,
1948 2087 2128 2146 dives
2180 2092 2448 2158 vocatur,

326 2205 441 2266 per
487 2193 691 2247 vestes
736 2203 810 2246 ex
857 2205 1127 2264 purpura
1175 2189 1355 2247 etiam
1404 2187 1817 2265 significantur
1872 2187 2239 2266 cognitiones
2290 2185 2445 2257 boni,

329 2296 391 2349 et
436 2306 550 2367 per
604 2295 807 2347 vestes
861 2305 936 2353 ex
984 2287 1167 2364 bysso
1214 2291 1584 2365 cognitiones
1636 2292 1763 2349 veri
1794 2284 1897 2369 (i);
1950 2305 2061 2365 per
2105 2288 2450 2363 Pauperem

328 2394 530 2449 autem
569 2390 673 2465 qui
713 2388 1021 2465 projectus
1068 2399 1197 2447 erat
1235 2389 1315 2447 ad
1348 2388 1716 2448 vestibulum
1753 2390 1915 2465 ejus,
1973 2393 2034 2447 et
2068 2384 2451 2446 desiderabat

328 2491 592 2549 saturari
636 2490 803 2548 micis
856 2505 1012 2565 quae
1063 2488 1359 2548 cadebant
1406 2506 1487 2548 ex·
1532 2505 1741 2548 mensa
1781 2489 1978 2547 divitis
1992 2532 2010 2563 ,
2070 2493 2130 2545 et
2170 2491 2447 2564 portatus

328 2590 404 2648 ab
448 2590 704 2666 Angelis
739 2591 800 2646 in
837 2588 1117 2658 Coelum,
1169 2590 1582 2666 intelliguntur
1618 2597 1855 2667 genteS,
1908 2605 2065 2665 quae
2102 2603 2219 2645 non
2251 2585 2445 2645 habe-

322 2690 470 2749 bant
532 2691 900 2766 cognitiones
948 2690 1088 2748 boni
1137 2697 1197 2748 et
1249 2693 1404 2762 veri,
1462 2699 1522 2749 et
1572 2698 1769 2749 tamen
1820 2686 2245 2748 desiderabant
2290 2685 2448 2755 illae,

322 2791 482 2849 Luc:
524 2790 706 2849 XVI:
753 2792 863 2847 19.
908 2791 1019 2849 31.
1095 2790 1215 2848 Per
1248 2790 1463 2849 divites
1502 2793 1603 2866 qui
1640 2791 1836 2849 vocati
1882 2788 1959 2847 ad
1996 2788 2257 2870 qunam
2313 2805 2444 2845 ma-

323 2908 538 2967 gnam,
597 2898 655 2948 et
691 2906 757 2948 se
798 2897 1270 2962 excusaverunt,
1325 2890 1680 2966 intelligitur
1729 2892 1906 2949 etiam
1950 2888 2113 2949 Gens
2165 2887 2442 2961 Judaica,

325 2997 386 3050 et
419 3007 538 3067 perx
565 3005 865 3066 pauperes
901 2989 1034 3049 loco
1083 2979 1323 3048 illorum
1371 2990 1741 3050 introductos
1790 2989 2200 3066 intelliguntur
2234 2995 2445 3065 gentes

322 3107 482 3168 quae
522 3101 692 3149 extra
736 3089 1107 3163 Ecclesiam,
1162 3091 1322 3148 Luc:
1376 3089 1528 3149 X112
1578 3094 1659 3148 16
1692 3091 1812 3149 and
1844 3095 1953 3149 24.
2037 3089 2294 3166 Quinam
2346 3090 2441 3145 in-

318 3190 672 3268 telliguntur
713 3207 826 3266 per
865 3188 1157 3264 Divitem,
1199 3189 1272 3246 de
1301 3207 1415 3266 quo
1443 3188 1737 3250 Dominus
1776 3190 1932 3263 dicit,
1976 3187 2320 3264 „Facilius
2351 3192 2446 3247 est

316 3286 631 3353 camelum
667 3307 790 3368 per
823 3288 1126 3368 foramen
1159 3307 1315 3350 acas
1346 3289 1654 3360 transire,
1705 3309 1897 3369 quam
1933 3289 2196 3349 divitem
2238 3286 2308 3345 in
2340 3305 2441 3346 re-

319 3407 524 3471 ymtm
561 3388 704 3449 Dei
737 3388 1025 3467 introire,
1040 3391 1079 3423 “
1131 3389 1356 3448 Matth:
1393 3389 1583 3449 XIX:
1627 3392 1747 3463 24,
1802 3392 1982 3450 etiam
2018 3388 2250 3447 dicetur
2262 3405 2279 3461 3
2334 3403 2445 3460 per

322 3490 568 3549 divitem
607 3489 692 3548 ibi
727 3488 1137 3565 intelliguntur
1174 3490 1389 3550 divites
1425 3492 1488 3549 in
1522 3496 1776 3566 utroque
1813 3505 1995 3548 sensu
2031 3494 2153 3544 tam
2186 3484 2447 3545 naturali

323 3606 504 3665 quam
539 3587 868 3664 spirituali3
924 3588 1137 3649 divites
1167 3592 1235 3649 -in
1269 3607 1457 3649 sensu
1490 3589 1779 3662 naturali,
1838 3591 1941 3664 qui
1966 3586 2272 3645 abundant
2307 3587 2441 3662 opi-

318 3688 471 3760 buS,
526 3696 588 3748 et
625 3692 858 3763 ponunt
911 3704 1013 3746 cor
1064 3691 1123 3747 in
1170 3689 1322 3765 illis3
1376 3691 1439 3748 in
1485 3689 1785 3765 spirituali
1838 3695 2041 3747 autem
2100 3702 2286 3747 sensu
2339 3689 2442 3764 qui

283 3788 628 3849 ‘abundant
678 3786 1119 3864 cognitionibus
1175 3797 1235 3850 et
1292 3791 1590 3864 scientiis,
1660 3806 1798 3846 nam
1843 3788 1959 3848 hae
2010 3795 2154 3847 sunt
2199 3787 2441 3848 divitiae

469 4068 543 4133 (i)
587 4065 752 4132 Quod
791 4069 997 4122 Vestes
1035 4065 1358 4140 significent
1400 4086 1559 4133 vera,
1607 4069 1680 4122 ita
1717 4068 2113 4142 cognitione5‚
2156 4087 2226 4122 ηε
2275 4077 2445 4129 1073·

315 4151 488 4204 2576.
548 4151 716 4204 5319.
771 4152 939 4205 5954.
990 4152 1158 4203 9212.
1205 4152 1373 4206 9216·
1432 4152 1599 4205 9952-
1663 4153 1867 4206 10536.
1950 4144 2117 4211 Quod
2177 4146 2443 4214 Purpura

316 4219 605 4291 significet
641 4220 859 4273 bonum
916 4221 1209 4282 coeleste,
1273 4236 1340 4272 n:
1405 4228 1577 4281 9467.
1672 4219 1838 4285 Quod
1900 4224 2109 4288 Byssus
2160 4220 2443 4289 significet

311 4312 517 4349 verum
559 4312 624 4349 ex
667 4296 894 4368 origine
945 4295 1205 4358 coelesti,
1252 4291 1323 4350 ri:
1369 4304 1537 4357 5319.
1587 4303 1755 4358 9469.
1807 4303 1976 4357 9744.
