3013 5114
582 421 690 470 316
1175 401 1268 455 DE
1310 397 1547 454 COELO
1591 396 1682 450 ET
1724 392 2061 449 INFERNO.

578 567 867 645 imprimis
906 562 982 620 ab
1025 560 1144 619 illis
1183 577 1338 636 quae
1384 562 1443 618 in
1492 558 1679 637 plaga
1719 549 2177 630 septentrionali
2227 554 2290 607 et
2329 543 2714 605 meridionali

582 674 754 742 sunt,
792 682 931 723 nam
967 661 1108 721 illae
1146 664 1472 719 societates
1514 657 1826 734 angelicae.
1853 657 1914 712 in
1940 650 2338 727 intelligentia
2364 653 2425 706 et
2460 647 2716 722 sapien—

580 772 665 827 tia
702 786 777 825 ex
820 762 1256 840 cognitionibus
1291 761 1433 820 boni
1466 766 1529 820 et
1561 760 1689 817 veri
1726 762 1899 816 sunt:
1953 750 2368 813 instructionis
2394 748 2532 806 loca
2564 750 2716 806 sunt

583 868 663 928 ad
698 866 1201 942 septentrionem,
1254 869 1316 921 et
1349 868 1489 920 sunt
1526 861 1724 933 varia,
1768 857 2045 916 ordinata
2086 859 2148 911 et
2177 851 2460 909 distincta
2484 863 2711 905 secun-

585 970 725 1028 dum
762 967 1057 1025 bonorum
1093 963 1444 1023 coelestium
1474 976 1698 1038 genera
1724 965 1784 1018 et
1810 958 2085 1034 species,
2122 960 2188 1012 ut
2223 952 2307 1010 ibi
2341 953 2718 1008 instruantur

587 1082 795 1129 omnes
833 1074 893 1126 et
928 1063 1149 1141 singuli
1176 1063 1508 1122 secundum
1543 1077 1714 1119 suam
1755 1057 2048 1125 indolem,
2102 1059 2164 1114 et
2197 1050 2560 1127 receptionis
2606 1048 2713 1105 fa-

586 1171 905 1231 cultatem:
956 1167 1093 1225 loca
1136 1166 1241 1224 illa
1285 1164 1368 1222 ibi
1419 1162 1808 1221 eircumcima
1859 1158 1933 1216 ad
1983 1155 2229 1214 multam
2265 1152 2604 1211 distantiam
2638 1163 2718 1208 se

588 1269 933 1333 extendunt.
1016 1267 1111 1325 Ad
1149 1266 1256 1324 illa
1293 1267 1567 1325 feruntur
1597 1281 1634 1320 a
1660 1261 1917 1319 Domino
1959 1258 2100 1316 boni
2138 1256 2385 1331 spiritus
2422 1257 2560 1326 post
2595 1265 2714 1307 ex-

588 1378 789 1430 actum
824 1367 1154 1428 secundum
1204 1373 1424 1424 statum
1462 1382 1668 1422 eorum
1704 1363 1766 1419 in
1803 1359 2021 1418 mundo
2069 1357 2418 1431 spirituum,
2476 1352 2578 1427 qui
2610 1350 2715 1406 in-

589 1469 860 1531 struendi
893 1476 1062 1541 sunt3
1116 1467 1226 1526 scd
1261 1482 1456 1542 usque
1500 1481 1618 1523 non
1660 1479 1899 1536 omnes;
1955 1476 2088 1516 nam
2128 1457 2232 1532 qui
2269 1456 2329 1512 in
2363 1451 2584 1510 mundo
2611 1451 2716 1507 in-

493 1586 505 1599 ·
592 1573 809 1629 structi
848 1576 1021 1641 sunt,
1075 1567 1160 1625 ibi
1208 1570 1390 1625 etiam
1426 1583 1463 1623 a
1486 1565 1746 1624 Domino
1781 1561 2129 1639 praeparati
2166 1562 2305 1613 sunt
2344 1552 2421 1611 ad
2457 1550 2718 1625 coelum,

597 1687 669 1730 ac
705 1687 819 1747 per
855 1667 1033 1727 aliam
1064 1670 1221 1726 viam
1260 1670 1320 1724 in
1357 1666 1591 1725 eoelum
1630 1663 2009 1735 auseruntur3
2065 1655 2306 1735 quidam
2343 1655 2544 1712 statim
2576 1658 2746 1728 post·
2841 1722 2850 1730 ·

590 1778 875 1846 mortem3
932 1769 1173 1846 quidam
1201 1775 1341 1845 post
1375 1767 1624 1826 brevem
1652 1781 1788 1825 cum
1825 1761 2134 1839 spiritibus
2169 1757 2345 1815 bonis
2381 1769 2724 1813 commora-

590 1873 833 1946 tionem,
865 1870 970 1931 ubi
998 1872 1297 1929 crassiora
1326 1869 1749 1944 cogitationum
1781 1869 1841 1921 et
1867 1860 2246 1921 affectionum
2283 1872 2510 1925 eorum,
2550 1869 2721 1930 quae

591 1979 907 2032 traxerunt
948 1990 1022 2031 ex
1057 1970 1386 2030 honoribus
1431 1980 1491 2027 et
1527 1968 1748 2024 divitiis
1789 1965 1849 2021 in
1890 1960 2140 2034 mundo,
2187 1962 2605 2024 removentur,
2657 1959 2727 2012 et

591 2076 679 2133 sic
716 2073 1140 2150 purificantur:
1181 2070 1420 2146 quidam
1455 2069 1625 2144 prius
1662 2071 2005 2136 vastantur,
2045 2059 2206 2137 quod
2241 2058 2307 2116 fit
2334 2060 2397 2114 in
2423 2055 2576 2114 locis
2602 2053 2724 2112 sub

592 2173 813 2250 plantis
849 2171 1105 2247 pedum,
1142 2187 1298 2245 quae
1344 2169 1537 2227 Terra
1561 2166 1807 2225 interior
1840 2173 2165 2236 vocantur3
2213 2158 2318 2217 ubi
2353 2157 2540 2233 aliqui
2567 2155 2727 2214 dura

592 2273 929 2350 patiuntur3
983 2270 1048 2328 hi
1088 2277 1227 2327 sunt
1266 2271 1368 2344 qui
1407 2284 1475 2326 se
1513 2266 2019 2325 confirmaverunt
2057 2264 2119 2320 in
2156 2259 2357 2333 falsis,
2421 2266 2485 2317 et
2521 2272 2723 2332 usque

590 2371 810 2432 bonam
848 2373 1037 2429 vitam
1072 2377 1357 2446 egerunt3
1410 2385 1548 2426 nam
1596 2366 1756 2424 falsa
1807 2364 2157 2423 confirmata
2206 2361 2360 2419 dure
2387 2357 2725 2425 inhaerent,

591 2480 653 2533 et
687 2479 1011 2550 antequam
1049 2471 1155 2529 illa
1191 2470 1469 2529 discussa
1509 2474 1678 2541 sunt,
1727 2482 1845 2524 non
1881 2464 2072 2524 videri
2100 2466 2358 2539 possunt
2399 2475 2576 2532 vera,
2635 2459 2727 2514 ita

589 2592 709 2635 non
744 2577 976 2651 recipi:
1016 2573 1126 2632 sed
1165 2572 1241 2631 de
1270 2569 1759 2637 VastationibuS,
1796 2575 1857 2627 et
1892 2567 1966 2625 de
2001 2564 2196 2623 modis
2224 2559 2523 2639 quomodo
2550 2556 2727 2634 fiunt,

590 2679 651 2736 in
686 2676 969 2736 Ancams
1009 2673 1429 2734 Coccssrmus
1485 2681 1683 2728 aetum
1735 2676 1859 2738 est,
1922 2686 1996 2727 ex
2045 2664 2260 2742 quibus
2312 2660 2584 2723 Collecta
2628 2661 2728 2718 vi-

593 2776 848 2837 deantur
880 2775 978 2835 hic
1013 2777 1074 2833 in
1109 2775 1266 2833 notis
1297 2772 1409 2832 sub
1442 2772 1600 2831 linea
1633 2767 1738 2848 (z).

768 3015 852 3079 (z)
909 3013 1073 3077 Quod
1128 3012 1480 3064 vastationes
1521 3010 1660 3061 fiant
1701 3011 1760 3061 in
1800 3008 1981 3061 altera
2024 3007 2173 3069 vita,
2236 3004 2347 3057 hoc
2388 3010 2504 3064 est,
2567 2996 2735 3070 quod

595 3089 684 3144 ini
730 3090 830 3161 qui
874 3107 907 3142 e
947 3086 1162 3139 mundo
1207 3087 1345 3137 illuc
1387 3086 1642 3149 alluunt,
1687 3094 2015 3146 vastentur,
2062 3099 2128 3133 n:
2173 3088 2304 3140 698.
2342 3084 2512 3137 7122.
2552 3080 2727 3136 7474.

600 3174 767 3229 9763.
850 3162 1022 3240 Quod
1061 3161 1237 3232 probi
1280 3172 1579 3214 vastentur
1620 3159 1810 3231 quoad
1855 3158 2014 3222 falsa,
2059 3175 2124 3209 ac
2157 3156 2292 3209 mali
2329 3152 2519 3227 quoad
2560 3166 2734 3213 vera,-

595 3262 665 3297 n=
710 3249 878 3303 7474.
907 3246 1073 3299 7541.
1111 3244 1281 3297 7542.
1327 3236 1497 3315 Quod
1533 3235 1686 3305 apud
1720 3234 1938 3307 probos
1974 3233 2326 3286 vastationes
2359 3231 2516 3291 fiant,
2554 3227 2733 3281 etiam
2819 3225 2846 3236 ²

596 3331 661 3375 ut
703 3329 985 3373 exuantur
1027 3314 1329 3368 terrestria
1371 3323 1429 3366 et
1464 3311 1781 3373 mundana,
1826 3323 1993 3381 quae,
2039 3328 2168 3361 cum
2213 3309 2272 3360 in
2313 3304 2530 3357 mundo
2570 3303 2729 3356 vixe-

597 3407 766 3468 runt,
810 3400 1253 3455 θθῦῑΐὸῐθΐῑῑῦῑ,
1297 3405 1368 3443 n:
1415 3397 1583 3448 7186·
1614 3394 1783 3447 9763.
1866 3388 2056 3456 thue
2090 3385 2237 3438 mala
2273 3393 2329 3436 et
2362 3382 2507 3435 falsa
2540 3395 2731 3432 remo-

598 3483 876 3535 veantur,
931 3480 990 3523 et
1032 3468 1113 3521 sic
1154 3466 1325 3520 detur
1365 3466 1528 3518 loeus
1582 3461 1856 3516 inssucndi
1900 3461 2076 3515 bonis
2117 3471 2175 3513 et
2216 3459 2372 3513 veris
2413 3475 2446 3510 e
2487 3456 2656 3509 coelo
2696 3469 2734 3505 a

598 3549 874 3611 Domine,
918 3564 984 3599 ac
1024 3543 1269 3597 facultas
1294 3541 1617 3613 recipiendi
1649 3540 1779 3602 illa,
1823 3554 1895 3591 n:
1940 3544 2108 3597 7122.
2148 3544 2318 3596 9331.
2398 3532 2570 3609 Quod
2608 3546 2732 3582 non

596 3627 765 3697 prius
806 3620 1023 3685 elevari
1065 3621 1294 3690 possint
1335 3619 1395 3670 in
1436 3618 1699 3680 coelum,
1762 3631 1933 3687 quam
1975 3623 2286 3684 postquam
2328 3609 2463 3663 talia
2505 3616 2734 3661 remota

600 3708 766 3763 sunt,
813 3698 950 3769 quia
991 3695 1221 3748 obstant
1248 3704 1306 3748 et
1329 3711 1450 3746 non
1479 3690 1840 3747 concordant
1867 3707 1998 3742 cum
2027 3688 2400 3751 coelestibus,
2447 3698 2513 3735 nt
2557 3688 2732 3743 6928.

601 3780 772 3834 7122.
811 3780 980 3833 7186.
1017 3778 1185 3831 7541.
1224 3778 1392 3830 7542.
1429 3778 1599 3830 9763.
1663 3765 1835 3847 Quod
1878 3765 1959 3817 sic
2002 3781 2239 3835 quoque
2283 3769 2729 3835 praeparentur,

602 3848 702 3921 qui
747 3848 807 3898 in
848 3847 1077 3901 eoelum
1119 3845 1381 3897 elevandi
1426 3855 1589 3907 sunt,
1645 3861 1714 3894 n:
1770 3849 1937 3902 4728.
1982 3848 2148 3900 7090.
2232 3837 2397 3904 Quod
2439 3834 2730 3907 periculo-

603 3940 744 3977 sum·
769 3922 843 3974 sit
888 3923 947 3973 in
988 3919 1215 3971 coelum
1256 3920 1490 3982 venire,
1535 3930 1844 3990 antequam
1884 3915 2251 3988 praeparati,
2314 3932 2380 3965 n:
2427 3920 2554 3971 537·
2600 3916 2729 3969 538·

603 3999 677 4053 de
718 4007 871 4050 statu
910 3992 1345 4057 illustrationis,
1409 4003 1466 4046 et
1519 3994 1592 4047 de
1646 3993 1855 4063 gaudio
1910 4009 2114 4045 eorum
2168 3990 2267 4063 qui
2323 4006 2354 4043 e
2408 3987 2734 4041 vastatione

600 4072 875 4134 veniunt,
920 4079 976 4122 et
1018 4068 1323 4147 elevantur
1365 4066 1423 4117 in
1464 4069 1726 4125 coelum.
1772 4078 1830 4120 et
1870 4066 1942 4119 de
1976 4067 2319 4138 receptione
2353 4064 2588 4116 illorum
2627 4061 2732 4123 ibi,

602 4162 670 4203 n:
715 4155 883 4208 2699.
920 4151 1089 4204 2701.
1122 4148 1292 4202 2704.
1378 4140 1544 4206 Quod
1588 4141 1802 4212 Regio,
1847 4140 1949 4193 uhi
1991 4143 2357 4196 Vastationes
2387 4140 2521 4193 illae
2566 4138 2733 4197 fiunt,

604 4226 831 4280 dicatur
869 4233 1027 4278 terra
1070 4217 1338 4281 inferior,
1380 4235 1449 4270 ¹1²
1493 4225 1666 4278 4728.
1706 4224 1872 4275 7090.
1955 4216 2127 4289 Quod
2163 4217 2349 4290 Regio
2386 4216 2485 4268 illa
2525 4214 2601 4268 sit
2626 4212 2735 4266 sub

604 4300 817 4377 plantis
858 4298 1069 4373 pedum
1114 4293 1526 4351 circumcincta
1568 4292 1846 4358 inferniS,
1912 4292 2100 4365 qualis
2156 4294 2290 4361 illa,
2352 4290 2733 4355 describitur,
