3013 5114
556 418 662 469 iss
1152 404 1249 459 DE
1292 402 1528 460 COELO
1570 402 1664 457 ET
1700 400 2040 460 INFERNQ.

553 566 919 625 choamentis
987 570 1126 621 sunt
1172 569 1241 621 ut
1283 565 1518 640 possint
1563 563 1692 622 fieri
1740 561 1968 638 angeli,
2047 577 2184 618 nam
2237 559 2503 618 Infantes
2554 577 2671 618 non

554 673 692 725 sunt
726 663 941 740 Angeli
978 665 1087 721 sed
1117 663 1265 722 fiunt
1290 665 1542 741 Angeli:
1581 665 1994 738 unusquisque
2026 662 2197 736 enim,
2240 663 2341 738 qui
2379 677 2411 717 e
2449 661 2669 720 mundo

553 766 814 839 excedit,
878 766 936 820 in
975 764 1152 821 simili
1187 772 1348 823 statu
1386 782 1534 823 suae
1571 766 1730 823 vitae
1770 770 1889 838 est,
1946 764 2140 821 infans
2177 765 2237 821 in
2273 767 2434 820 statu
2470 762 2667 819 insan-

551 870 660 941 tiS,
726 883 879 943 puer
915 866 973 922 in
1029 870 1190 923 statu
1245 868 1446 941 pueri,
1511 864 1894 939 adolescenS,
1957 868 2077 939 vir,
2148 881 2336 922 senex
2392 864 2452 919 in
2508 868 2671 920 statu

555 966 955 1025 adolescentis
969 1010 985 1039 ,
1056 967 1167 1024 viri
1217 972 1278 1024 et
1347 968 1541 1036 seniS,
1606 983 1815 1028 verum
1882 972 2073 1024 status
2129 965 2392 1041 cujusvis
2456 969 2673 1039 postea

550 1073 845 1143 rnutatur3
902 1066 1187 1124 infantum
1232 1073 1434 1125 autem
1488 1073 1684 1125 status
1746 1065 1979 1125 excedit
2030 1073 2253 1124 statum
2303 1064 2669 1139 reliquorum

551 1171 611 1227 in
652 1185 751 1240 eo,
794 1166 952 1242 quod
981 1169 1037 1223 in
1074 1169 1409 1225 innocentia
1446 1170 1600 1238 sint,
1658 1173 1718 1226 et
1757 1166 1914 1242 quod
1953 1167 2212 1225 nondum
2252 1168 2338 1222 ois
2376 1165 2664 1223 irradica-

551 1276 677 1326 tum
719 1270 800 1326 sit
836 1267 1053 1325 maium
1088 1286 1161 1326 ex
1200 1268 1422 1327 actuali
1459 1270 1608 1344 vita3
1667 1285 1735 1326 ac
1773 1270 2115 1326 innocentia
2161 1267 2297 1325 talis
2338 1272 2461 1340 est,
2513 1272 2579 1322 ut
2617 1267 2672 1322 ei

553 1369 896 1445 implantari
938 1371 1167 1443 possint
1214 1371 1411 1427 omnia
1456 1370 1638 1443 coeli,
1704 1386 1839 1426 nam
1885 1370 2221 1428 innocentia
2260 1374 2353 1426 est
2388 1373 2669 1443 recepta-

552 1470 751 1530 culum
788 1471 916 1527 veri
953 1468 1088 1526 fidei
1128 1476 1186 1527 et
1218 1469 1359 1527 boni
1396 1472 1634 1529 amoris,

713 1571 871 1627 331.
948 1567 1151 1626 Status
1207 1570 1495 1628 infantum
1548 1573 1610 1628 in
1667 1569 1859 1628 altera
1917 1574 2040 1628 vita
2099 1569 2347 1628 multum
2402 1574 2672 1645 praestat

556 1678 717 1729 statu
759 1669 1045 1727 infantum
1099 1672 1155 1726 in
1194 1671 1440 1744 mundo,
1506 1689 1642 1730 nam
1684 1688 1799 1729 non
1839 1671 2030 1729 induti
2072 1678 2210 1729 sunt
2252 1687 2499 1746 corpore
2546 1677 2668 1727 ter-

552 1773 760 1841 restri,
826 1770 933 1828 sed
980 1770 1154 1828 simili
1193 1788 1307 1846 quo
1345 1773 1562 1848 Angeli
1579 1792 1593 1847 3
1660 1789 1876 1848 corpus
1932 1780 2214 1830 terrestre
2264 1773 2324 1828 in
2373 1787 2439 1829 se
2489 1788 2671 1845 grave

561 1879 681 1945 est,
760 1888 876 1928 non
928 1874 1145 1948 recipit
1201 1854 1293 1928 ab⁴
1333 1874 1600 1932 interiori
1657 1873 1768 1932 seu
1820 1873 2116 1950 spirituali
2178 1871 2396 1930 mundo
2452 1874 2672 1947 primas

557 1975 933 2032 sensationes
975 1979 1036 2031 et
1088 1975 1313 2049 primos
1364 1982 1595 2043 motus,
1659 1974 1775 2031 sed
1825 1974 1900 2031 ab
1946 1975 2224 2032 exteriori
2260 1990 2368 2031 seu
2416 1971 2675 2035 naturali

554 2073 811 2145 mundo,
859 2091 1043 2149 quare
1080 2074 1334 2131 infantes
1371 2077 1431 2131 in
1481 2075 1701 2132 mundo
1750 2074 1979 2132 discent
2018 2075 2219 2150 gradi,
2277 2081 2484 2151 gestus
2525 2090 2672 2150 age··

552 2193 658 2248 re,
701 2180 758 2232 et
794 2173 987 2247 loqui,
1029 2175 1144 2229 imo
1184 2176 1531 2249 aperientur
1565 2175 1683 2233 illis
1722 2192 1970 2245 sensuS‚
2009 2183 2073 2233 ut
2109 2177 2276 2234 visus
2316 2182 2375 2234 et
2412 2174 2671 2247 audituri,

554 2292 666 2353 per
693 2290 897 2348 usum3
943 2273 1116 2330 aliter
1140 2273 1406 2332 Infantes
1437 2277 1495 2332 in
1528 2276 1717 2333 altera
1747 2278 1900 2349 vita,
1941 2276 2027 2334 illi
2056 2273 2196 2352 quia
2234 2278 2480 2351 spiritus
2517 2281 2674 2344 sunt,

555 2381 737 2450 agunt
775 2376 975 2432 statim
1012 2375 1338 2432 secundum
1379 2377 1664 2435 interiora
1692 2394 1837 2447 sua,
1886 2377 2237 2454 gradiuntur
2274 2376 2501 2452 absque
2539 2392 2671 2448 usu,

552 2475 875 2552 loquuntur
937 2477 1146 2544 etiam,
1217 2475 1324 2534 sed
1371 2479 1625 2552 primum
1668 2497 1738 2535 ex
1797 2478 2206 2537 connnunibus
2264 2476 2673 2537 affectionibus

551 2578 811 2637 nondum
848 2580 933 2636 ita
975 2578 1263 2636 distinctis
1312 2580 1371 2636 in
1419 2580 1586 2638 ideas
1627 2583 2082 2655 cogitationum,
2138 2587 2230 2638 ast
2266 2579 2433 2638 brevi
2468 2582 2528 2638 in
2562 2578 2673 2638 has

555 2697 794 2756 quoque
836 2680 1170 2747 initiantur,
1229 2686 1287 2736 et
1332 2680 1445 2739 hoc
1499 2684 1639 2758 quia
1689 2685 1989 2741 exteriora
2035 2698 2236 2740 eorum
2288 2689 2425 2738 sunt
2460 2679 2680 2746 homo-⁸

555 2797 749 2855 genea
784 2779 1198 2838 interioribus:
1240 2781 1398 2854 quod
1437 2781 1682 2856 loquela
1719 2783 2071 2861 angelorum
2106 2783 2252 2840 fluat
2288 2799 2361 2840 ex
2403 2781 2672 2841 affectio-

553 2879 728 2936 nibus
766 2881 1091 2955 variegatis
1139 2896 1249 2953 per
1290 2881 1457 2938 ideas
1502 2884 1909 2957 cogitationiS‚
1967 2887 2053 2942 sic
2091 2889 2157 2942 ut
2191 2861 2432 2957 loquela
2470 2898 2675 2941 eorum

554 2981 632 3036 sit
680 2995 928 3053 prorsus
981 2980 1297 3037 conformis
1341 2982 1801 3056 cogitationibus
1857 3003 1926 3041 ex
1993 2984 2332 3058 affectione,
2399 2983 2675 3041 videatur

554 3096 743 3155 supra
779 3095 850 3136 n:
897 3081 1035 3138 234
1068 3079 1145 3136 ad
1179 3083 1259 3137 24
1282 3082 1335 3139 5.

712 3181 871 3238 332.
938 3179 1204 3239 Infantes
1255 3184 1580 3257 utprimum
1620 3187 1970 3244 exsuscitati
2016 3193 2189 3256 sunt,
2246 3186 2406 3263 quod
2441 3184 2506 3243 fit
2540 3190 2670 3242 sta·

552 3284 655 3340 tim
698 3288 837 3357 post
872 3280 1126 3356 obitum,
1186 3282 1537 3342 auferuntur
1573 3286 1631 3341 in
1669 3285 1935 3360 coelum,
1976 3293 2036 3345 et
2072 3286 2386 3344 traduntur
2423 3284 2674 3362 Angelis

558 3384 659 3461 qui
708 3400 781 3441 ex
808 3399 956 3442 sexu
996 3382 1314 3442 foeminino
1352 3391 1520 3457 sunt,
1575 3403 1729 3461 quae
1769 3388 1828 3444 in
1872 3389 1994 3444 vita
2033 3391 2300 3464 corporis
2337 3389 2432 3445 sui
2468 3395 2676 3445 tenere

552 3492 904 3542 amaverunt
939 3484 1230 3554 infanteS,
1287 3491 1344 3544 et
1394 3486 1570 3543 simul
1609 3494 1961 3545 amaverunt
1995 3488 2228 3564 Deum3
2283 3488 2398 3547 hae
2436 3490 2579 3564 quia
2614 3490 2675 3545 in

552 3585 771 3643 mundo
810 3603 883 3644 ex
922 3586 1313 3645 teneritudine
1353 3589 1529 3662 quasi
1563 3595 1833 3646 materna
1870 3605 2075 3647 omnes
2113 3589 2366 3646 infantes
2423 3605 2672 3648 amave-

553 3694 722 3759 runt,
778 3687 1076 3762 recipiunt
1109 3686 1245 3745 illos
1284 3690 1438 3746 sicut
1473 3704 1652 3763 suOS,
1694 3695 1753 3748 et
1787 3689 2044 3748 infantes
2084 3706 2321 3765 quoque
2361 3706 2438 3747 ex
2472 3688 2673 3747 indole

552 3787 733 3843 insita
772 3793 972 3843 amant
1013 3786 1152 3845 illas
1205 3790 1360 3847 sicut
1412 3805 1557 3847 suas
1608 3796 1858 3849 matres:
1912 3789 2159 3847 totidem
2213 3789 2481 3848 Infantes
2534 3794 2675 3847 sunt

554 3884 716 3960 apud
752 3890 1239 3961 unumquamvis,
1298 3896 1443 3963 quot
1472 3906 1544 3947 ex
1582 3890 1878 3965 spirituali
1914 3897 2116 3966 storge
2155 3889 2473 3948 desiderat.
2542 3889 2675 3948 Hoc

555 3984 798 4043 Coelum
844 3992 1098 4061 apparet
1136 3993 1472 4045 antrorsnm
1502 4006 1534 4046 e
1571 3992 1816 4067 regione
1854 3991 2062 4048 frontis
2082 4034 2101 4066 ,
2154 3990 2377 4049 directe
2414 3992 2472 4049 in
2508 3991 2674 4050 linea

555 4101 665 4143 seu
715 4084 913 4158 radio,
973 4101 1087 4159 quo
1140 4086 1338 4163 angeli
1382 4095 1662 4163 spectant
1706 4091 2027 4149 Dominum
2044 4111 2059 4167 3
2124 4093 2275 4150 situs
2316 4091 2477 4150 illius
2524 4089 2678 4150 coeli

551 4184 633 4244 ibi
672 4188 793 4254 est,
848 4184 987 4261 quia
1036 4201 1240 4245 omnes
1275 4185 1545 4246 Infantes
1584 4189 1694 4247 sub
1734 4192 2078 4250 immediato
2118 4194 2387 4268 auspicio
2434 4192 2678 4251 Domini
