3013 5114
1093 433 1278 488 SUNT
1321 432 1499 488 TRES
1543 394 1771 488 cosm.
2350 445 2416 495 17

294 596 561 654 manicat
618 609 756 651 cum
821 590 1005 651 coelis
1064 590 1263 668 quoad
1326 592 1614 651 interiora
1661 607 1803 668 sua3
1871 598 1932 651 et
1980 610 2219 671 quoque
2263 596 2420 654 inter

294 694 566 773 Angelos
614 694 775 751 venit
825 696 968 769 post
1001 697 1283 766 mortem,
1336 694 1492 750 inter
1546 690 1813 767 Angelos
1850 694 2041 751 intimi
2078 694 2263 768 coeli,
2313 701 2421 753 aut

294 796 504 869 medii,
544 799 649 852 aut
688 792 910 863 ultimi,
957 791 1289 851 seeundum
1328 793 1736 868 receptionem
1771 791 1975 852 Divini
2018 793 2158 854 boni
2196 800 2255 854 et
2288 797 2418 855 veri

296 914 334 955 a
366 895 659 968 Domine,
712 910 847 952 cum
882 894 1033 952 vivit
1066 893 1124 950 in
1160 891 1401 951 mundo.

506 1015 618 1073 31.
673 1012 960 1070 Divinum
987 1011 1147 1086 quod
1173 1011 1367 1070 influit
1402 1028 1441 1068 a
1466 1011 1724 1070 Domino
1762 1020 1822 1071 et
1857 1014 2143 1088 recipitur
2166 1014 2229 1071 in
2257 1013 2415 1073 Ter-

291 1120 375 1177 tio
411 1132 527 1174 seu
576 1114 782 1172 intimo
832 1112 1030 1180 coelo,
1087 1118 1338 1171 vocatur
1389 1109 1699 1186 Coeleste,
1769 1120 1829 1170 et
1864 1112 2004 1172 inde
2051 1114 2270 1190 Angeli
2315 1118 2418 1191 qui

292 1217 376 1277 ibi
410 1221 705 1275 vocantur
753 1211 974 1288 Angeli
1027 1213 1358 1286 coelestes;
1410 1211 1695 1270 Divinum
1746 1212 1907 1288 quod
1950 1214 2143 1272 influit
2195 1231 2233 1272 a
2280 1214 2413 1274 Do-

291 1320 451 1376 mino
493 1320 554 1375 et
586 1314 875 1389 recipitur
910 1315 972 1370 in
1008 1311 1286 1372 Secundo
1325 1329 1436 1372 seu
1471 1313 1670 1372 medio
1703 1311 1917 1386 Coelo,
1975 1320 2228 1372 vocatur
2273 1313 2417 1390 Spi-
2511 1358 2522 1363 -

293 1415 540 1490 rituale,
598 1422 659 1474 et
707 1413 845 1472 inde
893 1413 1112 1490 Angeli
1158 1416 1260 1489 qui
1307 1413 1390 1471 ibi
1436 1413 1657 1489 Angeli
1692 1413 2070 1491 spirituales3
2131 1414 2417 1474 Divinum

294 1524 502 1577 autem
538 1514 701 1591 quod
732 1514 924 1572 influit
960 1531 997 1571 a
1023 1514 1279 1572 Domino
1311 1520 1371 1572 et
1404 1514 1694 1590 recipitur
1728 1515 1791 1572 in
1816 1513 2039 1574 Ultimo
2076 1532 2188 1574 seu
2221 1517 2416 1593 primo

291 1618 513 1692 Coelo,
578 1621 830 1680 vocatur
867 1611 1189 1689 Naturale3
1243 1620 1340 1672 ast
1389 1616 1531 1688 quia
1564 1614 1840 1674 naturale
1888 1614 2051 1674 illius
2090 1614 2260 1676 Coeli
2295 1633 2417 1676 non

294 1727 390 1778 est
424 1720 584 1777 sicut
618 1714 893 1774 naturale
931 1714 1162 1788 mundi,
1219 1714 1330 1773 sed
1374 1716 1437 1772 in
1484 1731 1552 1773 se
1588 1714 1773 1774 habet
1810 1716 2125 1791 spirituale
2173 1723 2236 1776 et
2269 1732 2414 1776 coe-

295 1819 483 1892 leste,
535 1817 675 1876 ideo
710 1814 861 1873 illud
898 1813 1147 1874 Coelum
1197 1820 1450 1873 vocatur
1487 1812 1817 1890 Spirituale
1868 1824 1928 1875 et
1970 1814 2249 1877 Coeleste
2285 1814 2414 1876 Na-

292 1919 519 1993 turale,
579 1923 640 1976 et
679 1915 817 1974 inde
855 1914 1076 1991 Angeli
1113 1916 1216 1991 qui
1255 1914 1338 1972 ibi
1377 1911 1738 1989 Spirituales
1774 1921 1836 1973 et
1878 1913 2191 1975 Coelestes
2226 1921 2418 1974 natu-

292 2019 455 2078 rales
496 2015 661 2100 (pp);
700 2015 1047 2092 spirituales
1083 2013 1394 2073 naturales
1432 2020 1743 2083 vocantur,
1797 2016 1898 2089 qui
1933 2014 2219 2074 influxum
2252 2016 2416 2075 reci-

290 2123 468 2198 piunt
504 2137 579 2179 ex
617 2117 802 2178 Coelo
848 2115 1045 2175 medio
1095 2131 1209 2174 seu
1256 2114 1553 2188 secundO,
1611 2114 1770 2189 quod
1820 2123 1914 2174 est
1952 2115 2185 2175 coelum
2232 2116 2415 2192 spiri-

288 2220 489 2294 tuale3
528 2235 600 2278 ac
628 2216 941 2277 Coelestes
969 2214 1274 2274 naturales
1310 2223 1619 2286 vocantur,
1659 2217 1759 2291 qui
1794 2216 2084 2275 influxum
2117 2218 2418 2293 recipiunt

292 2339 374 2380 ex
411 2319 814 2409 Coeloffitertio
853 2333 961 2376 seu
997 2318 1235 2387 intimo,
1288 2316 1449 2392 quod
1494 2321 1589 2374 est
1625 2314 1878 2375 Ocelum
1928 2316 2226 2377 coeleste:
2280 2318 2413 2376 An-

290 2420 417 2498 geli
452 2410 799 2497 spirituales
836 2415 1143 2475 naturales
1185 2423 1244 2475 et
1280 2416 1579 2476 coelestes
1619 2416 1929 2475 naturales
1968 2416 2231 2476 distincti
2275 2424 2416 2476 sunt

288 2525 449 2581 inter
483 2538 582 2591 se,
635 2517 744 2579 sed
792 2535 986 2594 usque
1036 2534 1220 2575 unuin
1260 2516 1513 2576 Ocelum
1564 2518 1962 2590 constituunt,
2021 2519 2165 2594 quia
2199 2518 2259 2576 in
2293 2533 2413 2575 uno

290 2622 488 2699 gradu
536 2629 693 2681 sunt.

463 2743 618 2800 ·32.
692 2740 803 2798 Est
848 2742 909 2797 in
959 2738 1299 2812 unoquovis
1350 2735 1536 2795 Coelo
1589 2735 1896 2794 Internum
1957 2742 2017 2795 et
2070 2735 2418 2811 Externum,

292 2844 403 2919 qni
439 2845 497 2900 in
536 2841 776 2900 Interno
813 2847 953 2898 sunt
965 2884 982 2913 ,
1038 2842 1331 2897 vocantur
1374 2837 1457 2895 ibi
1508 2836 1723 2913 Angeli
1771 2839 2017 2911 interni,
2077 2840 2179 2914 qui
2217 2843 2419 2897 antem

289 3147 578 3200 formatus
632 3145 707 3201 sit
757 3147 830 3200 ad
883 3146 1191 3218 imaginem
1245 3147 1442 3209 Coeli,
1528 3156 1586 3200 et
1639 3149 1920 3200 Externus
1972 3146 2043 3201 ad
2108 3148 2418 3220 imaginem

292 3222 526 3286 mundi,
613 3232 670 3274 et
712 3222 868 3293 quod
923 3222 1054 3276 ideo
1097 3225 1270 3276 homo
1312 3223 1385 3276 ab
1439 3223 1695 3294 antiquis
1748 3222 1937 3276 dictus
1980 3224 2053 3276 sit
2103 3223 2417 3277 microcos-

293 3314 452 3361 mus,
514 3315 584 3349 ¹1²
641 3304 809 3358 4523.
864 3305 1029 3360 5368·
1077 3307 1243 3358 6013.
1296 3307 1463 3359 6057.
1523 3307 1691 3359 9279.
1737 3307 1905 3359 9706.
1945 3306 2154 3359 10156.
2205 3306 2415 3359 10472.

252 3371 464 3437 -Ωιιοά
528 3373 611 3425 sie
674 3374 848 3426 homo
902 3391 972 3427 ex
1037 3375 1334 3427 creatione
1394 3374 1589 3446 quoad
1649 3375 1932 3428 interiora
1993 3391 2092 3427 sua
2152 3373 2227 3427 sit
2285 3389 2418 3425 coe·

290 3450 414 3502 lum
466 3448 529 3501 in
579 3448 813 3503 minima
867 3450 1058 3521 effigie
1111 3450 1184 3503 ad
1236 3452 1544 3522 imaginem
1589 3451 1855 3513 Maximi,
1921 3460 1978 3503 et
2030 3448 2190 3521 quod
2244 3447 2418 3501 etiam

292 3524 431 3578 talis
474 3525 549 3579 sit
587 3523 764 3577 homo
808 3527 908 3599 qui
949 3542 980 3578 0
1020 3542 1177 3579 novo
1231 3537 1459 3581 creatus
1520 3538 1607 3580 est
1661 3544 1764 3579 seu
1815 3534 2191 3597 regeneratus
2230 3541 2263 3576 a
2304 3527 2420 3577 Do-

292 3600 486 3664 mino,
548 3616 619 3651 ¹1²
663 3608 792 3661 911·
843 3609 1010 3662 1900.
1052 3609 1215 3661 1928·
1277 3610 1446 3662 3624.
1496 3602 1569 3655 ad
1612 3610 1777 3662 3631·
1821 3608 1989 3661 3634·
2033 3607 2199 3661 3884·
2244 3607 2416 3662 4041.

291 3684 464 3737 4279·
507 3683 678 3737 4523.
723 3684 892 3737 4524.
938 3685 1108 3738 4625.
1158 3686 1325 3738 6013·
1373 3686 1541 3738 6057·
1585 3685 1753 3737 9279.
1803 3684 1974 3737 9632.

446 3791 582 3861 (pp)
627 3787 790 3855 Quod
830 3801 950 3844 tres
993 3789 1158 3842 Coeli
1204 3790 1339 3852 sint,
1386 3789 1671 3852 intimum,
1718 3787 1989 3852 medium,
2034 3798 2092 3842 et
2125 3788 2412 3852 ultimum,

291 3882 395 3919 seu
448 3865 719 3930 tertium,
784 3866 1130 3929 secundum,
1195 3876 1251 3919 et
1306 3866 1590 3936 primum,
1666 3883 1733 3919 n:
1791 3872 1922 3927 680.
1978 3872 2147 3926 9594.
2205 3873 2416 3925 10270.

289 3940 456 4006 Quod
513 3942 684 3995 etiam
741 3942 802 3993 in
855 3941 1076 4013 triplici
1133 3940 1342 3995 ordine
1397 3951 1715 4013 sequantur
1753 3941 1907 3995 bona
1950 3941 2067 4006 ibi,
2130 3948 2414 4002 11:4938.

290 4025 459 4078 4939.
485 4025 656 4077 9999.
683 4026 888 4078 10005.
926 4025 1130 4077 10017.
1213 4015 1379 4082 Quod
1419 4018 1639 4071 bonum
1685 4017 1872 4072 intimi
1916 4035 2020 4071 scu
2061 4016 2217 4071 tertii
2261 4016 2414 4070 coeli

286 4092 517 4146 dicatur
544 4094 819 4157 coeleste,
862 4094 1082 4146 bonum
1111 4093 1286 4146 medii
1326 4111 1433 4146 seu,
1467 4093 1708 4147 secundi
1740 4093 2065 4165 spirituale,
2108 4103 2168 4146 et
2192 4092 2415 4145 bonum

289 4169 477 4221 ultimi
523 4185 624 4222 seu
664 4170 839 4240 primi
885 4169 1185 4241 spirituale
1212 4170 1494 4233 naturale,
1540 4187 1608 4221 n:
1653 4178 1819 4230 4279.
1847 4177 2017 4230 4286.
2043 4176 2211 4230 4938.
2237 4175 2412 4229 4939.

292 4252 460 4326 9992.
508 4253 712 4305 10005·
758 4246 965 4306 10017.
1009 4252 1218 4305 10068.

392 4337 818 4391 Swoaonborg.
856 4341 919 4379 n·
957 4337 1096 4378 (20010
1127 4345 1170 4378 «ι
1205 4339 1403 4378 inferno.
1947 4333 1982 4386 2
