3013 5114
418 384 642 477 cosm
684 384 1134 441 CONSISTUNT
1177 385 1279 440 EX
1323 384 1715 442 INNUMERIS
1757 382 2294 444 SOCIETATIBUS.
2375 396 2447 449 25

317 566 491 622 eum,
550 548 659 624 qui
697 548 982 606 inventus
1021 552 1116 605 est
1158 548 1315 606 inter
1362 544 1808 607 discumbentes
1857 553 1918 607 et
1961 547 2272 622 invitatos,
2330 564 2449 606 non

311 648 566 707 indutus
593 653 771 708 veste
797 646 1072 723 nuptiali,
1105 652 1165 707 et
1194 648 1425 724 ejectus
1451 649 1513 706 in
1539 647 1819 707 tenebras
1851 647 2199 721 exteriores,
2228 646 2443 707 Matth:

314 747 541 808 XXII:
591 751 673 806 11
720 763 861 823 seq:

531 867 643 924 49.
706 864 1159 925 Communicant
1195 882 1404 926 omnes
1442 869 1768 927 societates
1801 865 1970 928 Coeli
2002 870 2159 928 inter
2195 884 2289 942 se,
2328 884 2447 926 non

316 986 429 1045 per
481 973 760 1043 apertum
808 968 1258 1043 commercium,
1331 969 1516 1042 pauci
1571 969 1727 1027 enim
1789 979 2010 1028 exeunt
2070 986 2102 1029 e
2152 969 2445 1028 societate

317 1086 433 1127 sua
468 1070 532 1126 in
579 1066 787 1142 aliam,
843 1085 983 1126 nam
1019 1070 1183 1128 exire
1233 1086 1266 1128 e
1304 1069 1595 1127 societate
1635 1074 1729 1127 est
1763 1068 1921 1128 sicut
1956 1070 2120 1130 exire
2157 1086 2196 1127 a
2230 1085 2298 1128 se
2336 1084 2447 1127 seu

318 1187 355 1227 a
392 1185 510 1227 sua
551 1170 710 1242 vita,
770 1174 832 1226 et
881 1171 1140 1228 transire
1174 1170 1237 1226 in
1274 1167 1454 1227 aliam
1495 1185 1656 1244 quae
1692 1186 1811 1227 non
1854 1171 1940 1227 ita
1976 1170 2282 1229 convenit:
2339 1168 2450 1227 sed

319 1269 769 1330 communicant
798 1285 1003 1328 omnes
1038 1286 1152 1345 per
1191 1270 1607 1329 extensionem
1644 1269 1977 1345 sphaerae,
2035 1286 2190 1347 quae
2225 1284 2445 1343 proce-

319 1371 406 1429 dit
442 1387 522 1428 ex
566 1370 695 1426 vita
731 1369 1004 1445 cujusvis
1017 1389 1034 1445 3
1089 1369 1353 1446 sphaera
1405 1371 1569 1431 vitae
1618 1377 1711 1429 est
1755 1371 2019 1447 sphaera
2069 1370 2448 1429 affectionum
2511 1376 2515 1385 ·

322 1488 480 1547 quae
518 1471 740 1528 amoris
792 1476 852 1528 et
901 1469 1068 1545 fidei3
1122 1469 1274 1529 haec
1310 1487 1377 1529 se
1420 1471 1689 1530 extendit
1728 1472 1787 1530 in
1823 1472 2145 1531 societates
2189 1471 2447 1529 circum-

320 1573 488 1631 circa
537 1572 597 1627 in
644 1569 889 1645 longum
940 1579 1000 1629 et
1046 1574 1106 1628 in
1155 1569 1376 1645 latum,
1432 1577 1494 1630 et
1543 1588 1614 1631 eo
1663 1571 1899 1648 longius
1949 1577 2009 1632 et
2054 1572 2271 1645 latius,
2328 1586 2446 1645 quo

321 1671 672 1731 affectiones
699 1676 840 1728 sunt
865 1671 1180 1730 interiores
1220 1676 1281 1731 et
1314 1672 1709 1747 perfectiores
1742 1668 1932 1753 (bbb);
1970 1671 2302 1731 secundum
2338 1687 2449 1730 ex-

320 1774 656 1831 tensionem
694 1770 860 1829 illam
910 1777 1005 1830 est
1040 1770 1291 1848 Angelis
1331 1771 1727 1848 intelligentia
1765 1779 1826 1832 et
1858 1775 2190 1849 sapientia:
2246 1773 2351 1848 qui
2384 1772 2447 1828 in

319 1874 528 1931 intimo
567 1871 752 1931 Coelo
791 1877 962 1945 sunt,
1021 1879 1081 1931 et
1133 1871 1216 1930 ibi
1259 1874 1322 1929 in
1374 1871 1607 1941 medio,
1665 1872 1890 1931 habent
1934 1875 2346 1932 extensionem
2385 1872 2447 1928 iu

319 1972 671 2031 universum
709 1971 982 2047 coelum,
1034 1971 1173 2030 inde
1213 1973 1670 2031 communicatio
1708 1974 1969 2030 omnium
2008 1971 2163 2031 coeli
2190 1980 2283 2030 est
2310 1988 2447 2028 cum

318 2074 660 2150 unoquovis
707 2078 768 2130 et
813 2073 1268 2149 uniuscujusvis
1318 2090 1455 2131 cum
1494 2072 1768 2132 omnibus
1811 2068 1984 2153 (ccc).
2066 2071 2189 2132 Sed
2224 2071 2299 2130 de
2333 2069 2448 2128 hac

319 2175 671 2234 extensione
708 2172 863 2231 infra
895 2172 1134 2250 plenius
1168 2173 1467 2250 agendum
1503 2179 1624 2248 est,
1672 2173 1776 2232 ubi
1813 2173 1887 2233 de
1922 2174 2143 2233 Forma
2176 2171 2445 2242 coelesti,

317 2274 654 2334 secundum
692 2291 871 2351 quam
907 2265 1233 2350 Angelicae
1269 2276 1594 2334 societates
1632 2274 1964 2352 dispositae
2000 2279 2157 2351 sunt,
2200 2280 2259 2334 et
2295 2290 2448 2348 quo-

319 2393 438 2451 que
474 2375 578 2434 ubi
615 2376 691 2435 de
737 2371 1050 2451 Sapientia
1085 2380 1147 2433 et
1178 2373 1588 2451 Intelligentia
1634 2375 2010 2451 angelorum,
2068 2393 2209 2434 nam
2257 2375 2447 2433 omnis

317 2478 593 2535 extensio
655 2475 1039 2535 affectionum
1090 2481 1160 2560 et·
1199 2476 1624 2552 cogitationum
1675 2475 1843 2534 vadit
1902 2474 2235 2534 secundum
2279 2472 2446 2531 illam

315 2578 618 2637 Formam.

531 2698 641 2756 50.
697 2696 940 2756 Dictum
977 2711 1172 2772 supra
1209 2700 1330 2769 est,
1388 2693 1553 2769 quod
1586 2694 1649 2751 in
1690 2692 1890 2753 Coelis
1940 2696 2062 2753 sint
2110 2693 2447 2754 Societates

310 2798 579 2874 majores
609 2803 675 2856 et
701 2798 977 2872 minores3
1007 2795 1270 2873 majores
1297 2795 1633 2854 consistunt
1662 2812 1738 2855 ex
1766 2794 2155 2871 myriadibuS,
2185 2796 2446 2853 minores

318 2915 397 2956 ex
449 2898 681 2974 aliquot
725 2897 1022 2972 millibus,
1080 2903 1141 2957 et
1174 2897 1454 2955 minimae
1487 2912 1562 2955 ex
1600 2895 1829 2971 aliquot
1862 2899 2129 2956 centenis
2164 2894 2446 2971 Angelis:

316 3005 462 3057 sunt
501 3001 681 3057 etiam
721 3000 825 3075 qui
861 2996 1114 3056 solitarii
1146 2996 1448 3071 habitant,
1502 2998 1679 3071 quasi
1715 2996 1925 3057 domus
1964 3003 2026 3057 et
2062 2997 2305 3070 domus,
2353 2995 2447 3053 fa-

314 3098 485 3157 milia
523 3105 585 3159 et
618 3098 861 3174 familia3
910 3097 972 3155 hi
999 3100 1242 3156 tametsi
1274 3099 1362 3155 ita
1397 3097 1659 3173 dispersi
1686 3099 1915 3168 vivunt,
1948 3114 2142 3173 usque
2178 3095 2450 3155 similiter

314 3199 581 3257 ordinati
614 3205 782 3273 sunt,
848 3201 1006 3257 sicut
1038 3198 1129 3257 illi
1164 3199 1266 3273 qui
1309 3200 1370 3256 in
1407 3196 1829 3271 societatibus,
1884 3199 2045 3275 quod
2077 3214 2296 3273 nempe
2339 3212 2444 3254 sa-

316 3301 650 3377 pientiores
685 3299 925 3358 illorum
958 3299 1021 3358 in
1064 3298 1262 3359 medio
1303 3299 1454 3371 sint,
1505 3303 1567 3357 et
1604 3298 2000 3374 simpliciores
2041 3301 2102 3356 in
2148 3298 2445 3357 terminis:

473 3582 649 3649 (bbb)
713 3580 880 3647 Quod
921 3583 1164 3654 sphaera
1206 3583 1561 3653 spiritualis..
1633 3599 1781 3654 quae
1839 3591 1925 3635 est
1976 3581 2220 3653 sphaera
2272 3580 2445 3646 vitae,

317 3658 518 3713 effluat
560 3676 628 3713 ex
669 3658 1002 3731 unoquovis
1042 3658 1313 3723 homine,
1377 3659 1589 3730 spiritu
1630 3668 1687 3711 et
1728 3658 1966 3729 angelo,
2031 3666 2088 3709 et
2128 3656 2448 3711 circumsti-

313 3745 415 3806 pet
469 3735 634 3799 illos,
697 3752 767 3788 n:
812 3742 980 3795 4464.
1027 3742 1196 3795 5179.
1257 3741 1428 3795 7454.
1486 3742 1654 3794 8630.
1738 3731 1900 3797 Quod
1958 3732 2159 3787 effluat
2209 3751 2277 3787 ex
2328 3734 2448 3787 vita

318 3810 651 3865 affectionis
694 3820 752 3863 et
791 3810 1164 3883 cogitationis
1207 3828 1442 3875 eorum,
1497 3828 1567 3863 n:
1611 3817 1779 3871 2489.
1822 3816 1990 3871 4464.
2035 3817 2201 3870 6206.
2282 3807 2450 3875 Quod

318 3888 603 3958 sphaerae
645 3886 780 3940 illae
822 3904 881 3940 se
923 3886 1096 3959 longe
1135 3883 1443 3941 extendant
1472 3886 1532 3938 in
1573 3886 1879 3941 societates
1920 3886 2207 3958 angelicas
2251 3903 2448 3939 secun-

316 3961 464 4099 ‹81171331
498 3963 670 4035 quale
724 3972 782 4016 et
838 3972 1117 4035 quantum
1170 3961 1351 4026 boni,
1418 3980 1484 4015 n:
1547 3970 1693 4024 6598
1737 3962 1808 4017 ad
1852 3971 2020 4024 6613.
2066 3970 2234 4024 8063.
2278 3969 2447 4023 8794.

471 4134 625 4199 (ccc)
683 4131 848 4197 Quod
891 4132 949 4185 in
993 4131 1192 4187 Coelis
1246 4131 1416 4185 detur
1470 4133 1920 4186 communicatio
1964 4134 2224 4186 omnium
2264 4131 2448 4184 bono-

314 4226 477 4274 rum,
543 4209 816 4282 quoniam
857 4226 1023 4263 amor
1062 4208 1334 4262 coelestis
1375 4210 1767 4263 communicat
1822 4209 2014 4262 omnia
2057 4226 2154 4263 sua
2199 4226 2326 4262 cum
2371 4208 2447 4259 al-

318 4294 469 4350 tero,
515 4301 581 4337 ¹¹³
633 4293 758 4348 549·
811 4293 939 4347 550.
987 4293 1155 4348 1390.
1204 4292 1368 4345 1391·
1416 4292 1581 4348 1399·
1626 4293 1832 4347 10130·
1880 4292 2085 4346 10793·
