3013 5114
450 376 546 430 DE
588 374 823 430 STATU
863 374 1355 460 INNOCENTIAE
1396 376 1843 432 ANGELORUM
1883 380 1954 432 IN
2000 380 2251 436 COELO.
2370 395 2473 445 151

506 539 590 594 27
610 539 667 596 9.
723 534 1014 594 Similiter
1056 535 1121 594 fit
1159 554 1294 594 cum
1321 539 1479 594 omni
1518 539 1618 612 qui
1653 546 2067 614 regeneratur,
2123 540 2472 618 Regenera-

347 642 429 697 tio
482 643 574 697 est
623 639 1009 697 renascentia
1061 637 1258 713 quoad
1307 638 1681 713 spiritualem
1730 640 2060 716 hominem3
2115 645 2166 700 is
2219 645 2474 719 primum

343 739 742 799 introducitur
789 740 850 796 in
894 738 1301 797 Innocentiam
1357 739 1680 814 infantiae,
1756 759 1911 816 quac
1968 749 2060 800 est
2114 743 2274 818 quod
2328 747 2474 805 nihil

344 843 475 899 veri
524 842 676 898 sciat
725 846 784 898 et
817 839 959 897 boni
1004 842 1199 916 possit
1247 857 1321 898 ex
1368 856 1465 914 se,
1524 840 1632 898 sed
1675 840 1872 900 solum
1926 859 1998 901 ex
2048 843 2347 920 Domine,
2415 854 2474 905 et

346 941 509 1018 quod
546 940 849 1000 desideret
887 945 946 998 et
982 947 1232 1016 appetat
1268 940 1373 998 illa
1402 958 1476 999 ex
1515 959 1700 1000 causa
1735 942 1929 1001 solum
1959 945 2101 1018 quia
2137 950 2230 1003 est
2265 964 2473 1006 verum

352 1049 414 1102 et
450 1045 591 1119 quia
641 1048 736 1101 est
777 1040 997 1099 bonum
1011 1061 1027 1117 3
1085 1042 1300 1099 dantur
1344 1043 1521 1100 etiam
1563 1042 1668 1100 illa
1716 1061 1753 1101 a
1798 1043 2084 1113 Domin0‚
2137 1047 2293 1105 sicut
2325 1066 2469 1124 pro-

346 1143 617 1221 greditur
672 1147 902 1217 aetate3
971 1142 1206 1202 ducitur
1258 1141 1360 1203 ille
1415 1146 1674 1218 primum
1735 1147 1796 1202 in
1857 1147 2164 1203 scientiam
2212 1146 2468 1223 illorum,

346 1245 483 1304 dein
520 1262 557 1302 a
592 1246 844 1303 scientia
878 1245 939 1300 in
972 1244 1457 1319 intelligentiam,
1501 1251 1561 1303 et
1598 1245 1833 1323 demum
1870 1246 1945 1303 ab
1981 1246 2376 1324 intelligentia
2412 1253 2471 1307 in

347 1347 739 1422 sapientiam,
797 1361 1036 1421 semper
1086 1348 1409 1404 comitante
1455 1349 1828 1415 innocentia,
1884 1364 2037 1422 quae
2087 1355 2207 1418 est,
2262 1355 2327 1407 ut.
2378 1349 2470 1408 di-

348 1454 509 1506 ctum
554 1452 675 1518 est,
731 1446 890 1522 quod
925 1445 1068 1504 nihil
1103 1449 1231 1504 veri
1268 1448 1419 1504 sciat
1459 1455 1521 1506 et
1555 1447 1700 1505 nihil
1733 1447 1875 1506 boni
1909 1452 2102 1524 possit
2138 1466 2213 1508 ex
2262 1467 2329 1509 se
2366 1451 2475 1510 sed

348 1566 424 1606 ex
458 1547 749 1623 Domino,
812 1547 1041 1623 absque
1081 1547 1194 1604 hac
1231 1546 1347 1606 fide
1394 1554 1454 1605 et
1508 1550 1638 1625 ejus
1688 1552 2075 1625 perceptione
2123 1569 2297 1610 nemo
2354 1551 2470 1610 ali-

352 1649 495 1724 quid
532 1648 704 1709 Coeli
738 1650 1013 1724 recipere
1049 1655 1276 1724 potest3
1316 1651 1374 1706 in
1413 1666 1484 1708 eo
1521 1651 1847 1725 praecipue
1878 1653 2148 1710 consistit
2181 1651 2474 1712 Innocen-

353 1752 439 1808 tia
473 1751 824 1825 sapientiae.

512 1853 669 1910 280.
725 1850 882 1926 Quia
916 1851 1269 1909 Innocentia
1299 1858 1391 1909 est
1419 1850 1556 1908 duci
1584 1868 1619 1907 a
1646 1850 1923 1924 Domin0,
1968 1858 2026 1909 et
2055 1869 2171 1910 non
2203 1871 2238 1910 a
2264 1862 2474 1930 semet,

351 1950 488 2011 inde
525 1968 725 2010 omnes
767 1954 866 2028 qui
902 1954 962 2010 in
1002 1949 1185 2011 Coelo
1223 1957 1364 2010 sunt
1403 1953 1462 2008 in
1496 1953 1840 2011 innocentia
1875 1958 2043 2024 sunt,
2085 1971 2220 2010 nam
2250 1971 2473 2027 omneS,

351 2054 453 2129 qui
488 2052 598 2126 ibi,
660 2059 867 2111 amant
907 2053 1042 2111 duci
1079 2070 1115 2110 a
1148 2053 1436 2126 Domin03
1492 2054 1689 2110 sciunt
1726 2054 1879 2110 enim
1920 2034 2078 2128 quod
2115 2053 2335 2113 ducere
2372 2070 2475 2115 se-

345 2155 548 2230 ipsum
585 2155 661 2212 sit
700 2153 836 2213 duci
882 2171 918 2211 a
956 2156 1241 2230 proprio,
1301 2159 1360 2212 et
1394 2155 1707 2231 proprium
1763 2159 1855 2212 est
1891 2171 2091 2211 amare
2139 2159 2359 2230 semet,
2418 2163 2479 2213 et

346 2256 449 2331 qui
495 2260 656 2312 amat
705 2261 897 2313 semet
938 2273 1055 2314 non
1114 2257 1340 2331 patitur
1397 2256 1534 2314 duci
1590 2256 1665 2312 ab
1729 2254 1877 2313 alio:
1946 2256 2083 2314 inde
2137 2264 2257 2327 est,
2319 2257 2479 2333 quod

345 2361 634 2432 quantum
671 2355 940 2431 Angelus
977 2359 1037 2414 in
1073 2359 1416 2415 innocentia
1455 2362 1575 2430 est,
1631 2362 1861 2415 tantum
1898 2357 1956 2413 in
1995 2356 2180 2416 Coelo
2217 2360 2326 2427 sit,
2360 2358 2475 2416 hoc

345 2463 464 2532 est,
520 2440 753 2514 tantum
787 2458 846 2514 in
884 2457 1104 2516 Divino
1141 2458 1310 2516 Bono
1349 2475 1420 2515 ac
1448 2458 1668 2515 Divino
1704 2455 1896 2530 Vero,
1935 2475 2072 2515 nam
2111 2474 2246 2516 esse
2282 2459 2343 2514 in
2380 2457 2474 2519 his

344 2565 437 2617 est
485 2559 547 2615 in
600 2556 816 2616 Coelo:
874 2559 1324 2636 distinguuntur
1380 2559 1517 2617 ideo
1570 2556 1738 2616 Coeli
1786 2557 2114 2616 secundum
2171 2556 2470 2616 Innocen-

342 2662 523 2734 tiam3
578 2659 668 2717 illi
704 2661 806 2735 qui
843 2662 904 2717 in
944 2659 1128 2719 Coelo
1167 2660 1373 2717 ultimo
1424 2676 1532 2717 seu
1571 2661 1761 2734 primo
1814 2664 1983 2732 sunt,
2038 2661 2099 2716 in
2134 2661 2473 2717 innocentia

337 2763 516 2836 primi
552 2773 663 2819 seu
698 2760 888 2818 ult-imi
924 2762 1146 2838 gradus
1185 2766 1322 2818 sunt
1335 2781 1352 2837 5
1405 2759 1495 2818 illi
1535 2761 1637 2835 qui
1672 2762 1731 2818 in
1772 2758 1959 2818 Coelo
1997 2760 2192 2818 medio
2232 2777 2341 2818 seu
2369 2777 2470 2818 se-

343 2861 541 2919 cundo
610 2867 774 2936 sunt,
857 2864 916 2919 in
966 2864 1304 2920 innocentia
1348 2861 1597 2920 secundi
1646 2877 1755 2919 seu
1802 2860 1983 2919 medii
2031 2862 2251 2938 gradus
2302 2869 2468 2936 sunt3

341 2965 445 3040 qui
482 2970 682 3020 autem
718 2965 778 3020 in
817 2962 1246 3028 Coelo‚intimo
1284 2979 1394 3021 seu
1437 2964 1614 3022 tertio
1652 2968 1820 3038 sunt,
1871 2947 1932 3020 in
1966 2965 2306 3021 innocentia
2341 2969 2465 3021 ter·—

335 3065 406 3122 tii
449 3080 561 3122 seu
606 3066 796 3121 intimi
847 3064 1067 3139 gradus
1121 3071 1290 3140 sunt3
1345 3064 1408 3122 hi
1464 3064 1601 3123 ide-o
1662 3071 1801 3122 sunt
1848 3065 2019 3140 ipsae
2074 3065 2464 3123 Innocentiae

341 3162 539 3240 Coeli,
580 3182 716 3222 nam
748 3182 895 3241 prae
934 3167 1189 3223 caeteris
1220 3172 1422 3223 amant
1450 3165 1586 3224 duci
1615 3182 1651 3223 a
1682 3164 1973 3239 Domino,
2013 3168 2169 3224 sicut
2206 3165 2467 3223 infantes

340 3283 379 3323 a
404 3282 516 3324 suo
551 3266 765 3339 Patre}
822 3283 1005 3341 quare
1047 3267 1223 3324 etiam
1260 3267 1555 3341 recipiunt
1582 3265 1864 3324 Divinum
1894 3265 2146 3345 Verum,
2184 3265 2342 3342 quod
2370 3265 2466 3323 vel

334 3366 679 3426 immediate
728 3384 764 3424 a
797 3366 1086 3440 Domino,
1142 3366 1240 3426 vel
1276 3366 1534 3425 mediate
1570 3384 1681 3442 per
1716 3365 1983 3424 Verbum
2025 3384 2096 3424 ac
2147 3364 2467 3441 praedica-

336 3469 562 3541 tiones,
601 3466 851 3525 audiunt
863 3470 1120 3548 ,rstafim
1157 3467 1467 3525 voluntate
1508 3472 1567 3524 et
1597 3468 1822 3524 faciunt
1857 3465 2038 3534 illud,
2078 3472 2136 3523 et
2172 3466 2259 3522 sic
2288 3481 2460 3521 man-

339 3567 484 3634 dant
516 3570 676 3626 vitae
689 3588 707 3645 3
761 3543 1256 3654 inehgfijflstanta
1297 3569 1596 3642 sapientia
1652 3583 1798 3642 prae
1836 3564 2083 3641 Angelis
2119 3565 2464 3624 inferiorum

339 3666 673 3746 coelorum,
711 3643 995 3729 videafu'f
1023 3649 1093 3727 n:
1150 3670 1311 3727 270.
1348 3671 1437 3730 27
1460 3670 1532 3725 1:
1577 3668 1717 3741 quia
1742 3666 1826 3724 ini
1867 3665 2084 3741 Angeli
2122 3666 2275 3725 tales
2306 3673 2461 3741 sunt,

552 3779 713 3862 >²³11
830 3805 963 3868 sen

335 3934 408 3971 n:
452 3895 734 3979 5608371212
773 3895 1158 4004 quotfssper
1201 3918 1513 3998 lactentes),
1557 3933 1624 3967 n:
1669 3924 1836 3977 3183.
1918 3917 2087 3994 Quod
2130 3935 2236 3989 per
2271 3935 2464 3970 senem

336 3993 697 4064 significetur
737 3994 1021 4066 sapientis
1057 4004 1115 4047 et
1158 3993 1216 4044 in
1257 4008 1429 4045 sensu
1469 3992 1765 4047 abstracto
1809 3992 2121 4066 sapientia,
2177 4012 2245 4046 n:
2291 4002 2463 4054 3183.

338 4076 508 4130 6523.
593 4069 759 4135 Quod
801 4073 975 4123 homo
1020 4070 1096 4121 ita
1139 4079 1368 4122 creatus
1411 4067 1517 4133 sit,
1581 4080 1644 4122 ut
1698 4082 1972 4142 quantum
2028 4071 2218 4142 vergit
2269 4069 2339 4122 ad
2383 4087 2465 4122 se-

332 4157 595 4224 nectam,
652 4147 752 4199 fiat
794 4146 944 4199 sicut
990 4145 1208 4208 infans»,
1265 4163 1331 4199 ac
1371 4154 1436 4198 ut
1474 4155 1613 4199 tunc
1656 4146 1986 4200 innocentia
2029 4148 2102 4200 sit
2143 4149 2203 4200 in
2244 4146 2462 4216 sapien-

332 4223 450 4286 tia,
494 4241 561 4276 ac
603 4234 669 4276 ut
708 4224 882 4276 homo
929 4223 988 4275 in
1031 4241 1101 4278 eo
1144 4232 1294 4276 statu
1333 4232 1591 4276 transeat
1628 4223 1688 4276 in
1730 4225 1991 4287 coelum,
2048 4234 2106 4276 et
2143 4224 2242 4277 fiat
2280 4223 2464 4293 Ange·

333 4299 446 4364 lus,
492 4318 558 4353 n:
608 4308 773 4360 3183-
820 4307 983 4360 5608-

148 4977 283 5008 „⁵2:2ss
296 4973 377 5008 'iz-0²⁷
406 5007 409 5008 γ
