3013 5114
345 402 1022 519 DOMINUsNEMINEM
1044 448 1117 505 IN
1139 446 1512 505 INFERNUM
1536 448 1841 514 DEJICIT,
1868 447 2000 502 SED
2022 448 2179 505 IPSE
2204 450 2306 512 SP.
2359 462 2465 515 341

343 608 663 670 actualiter
697 609 897 687 quoad
939 610 1217 686 spiritum
1252 620 1428 670 suum
1461 608 1546 669 ibi
1593 611 1698 685 sit,
1762 626 1834 670 ac
1867 615 2009 686 post
2040 617 2292 672 mortem
2324 611 2472 674 nihil

340 710 480 790 plus
540 712 775 787 cupiat,
848 727 1029 788 quam
1074 710 1156 769 ibi
1210 726 1349 770 esse
1393 710 1499 770 ubi
1546 726 1724 770 suum
1778 710 2039 770 malum:
2101 719 2473 792 quapropter

340 812 519 872 homo
570 817 714 888 post
758 817 1013 872 mortem
1059 813 1450 889 semetipsum
1487 811 1729 890 conjicit
1771 812 1831 869 in
1867 810 2196 889 infern-um,
2257 819 2318 874 et
2352 831 2472 875 non

341 912 656 973 Dominus,

517 1013 678 1074 548.
745 1012 1059 1090 Quomodo
1109 1012 1224 1073 hoc
1274 1012 1370 1087 fit,
1442 1015 1621 1073 etiam
1674 1011 1935 1089 dicetur3
1998 1013 2238 1095 quando
2290 1012 2469 1074 homo
2513 1057 2531 1067 -

349 1113 605 1175 alteram
652 1115 837 1172 vitam
881 1115 1092 1187 intrat,
1144 1114 1403 1190 primum
1455 1116 1753 1191 excipitur
1798 1113 1874 1172 ab
1922 1113 2203 1191 Angelis,
2259 1117 2366 1192 qui
2414 1118 2472 1176 ei

349 1217 549 1276 omnia
596 1207 795 1274 officia
825 1219 1141 1292 praestant
1178 1220 1240 1274 et
1275 1231 1518 1292 quoque
1553 1231 1687 1274 cum
1722 1213 1825 1274 illo
1858 1213 2185 1291 loquuntur
2221 1214 2296 1275 de
2334 1214 2469 1276 Do·

346 1319 543 1387 mino,
604 1314 680 1374 de
728 1314 943 1388 Coelo,
999 1314 1074 1375 de
1117 1318 1243 1373 vita
1276 1316 1576 1392 angelica,
1634 1322 1817 1392 atque
1850 1317 2153 1374 instruunt
2201 1314 2371 1375 illum
2409 1318 2473 1375 in

343 1420 507 1479 veris
546 1422 609 1475 et
642 1414 850 1475 bonis:
906 1421 969 1475 at
1010 1419 1063 1475 si
1106 1416 1316 1486 homo,
1355 1421 1496 1477 tunc
1535 1418 1816 1493 spiritus,
1853 1416 1991 1474 talis
2033 1423 2155 1486 est,
2201 1423 2270 1476 ut
2303 1418 2470 1475 simi.

341 1518 427 1578 lia
461 1521 524 1576 in
565 1515 789 1600 mundo
826 1516 1067 1594 quidem
1100 1518 1364 1589 noverit,
1415 1519 1529 1578 sed
1554 1516 1733 1577 corde
1764 1519 2104 1593 negaverit,
2151 1523 2257 1578 aut
2290 1532 2468 1593 spre-

344 1622 532 1692 verit,
597 1624 742 1677 tunc
786 1623 927 1695 post
981 1617 1243 1695 aliquam
1306 1617 1811 1696 colloquutionem
1863 1617 1938 1676 ab
1985 1616 2106 1676 illis
2151 1620 2350 1694 cupit,
2410 1624 2472 1677 et

345 1734 586 1796 quoque
639 1717 969 1778 discessum
1035 1718 1270 1795 quaerit
1287 1738 1304 1794 3
1368 1718 1531 1796 quod
1577 1735 1713 1778 cum
1765 1719 2185 1795 appercipiunt
2229 1702 2469 1794 Augen,

344 1819 692 1895 relinquunt
727 1818 923 1895 illum3
977 1821 1031 1878 is
1068 1825 1211 1896 post
1249 1818 1454 1896 aliqua
1501 1819 1802 1879 consortia
1836 1834 1972 1877 cum
2009 1816 2175 1890 aliis,
2230 1818 2473 1878 taudem

345 1922 684 1979 associatur
719 1919 838 1979 illis
884 1921 986 1996 qui
1021 1920 1084 1978 in
1118 1918 1300 1978 simili
1333 1919 1492 1979 malo
1520 1933 1727 1978 secum
1757 1923 1930 1989 sunt,
1978 1916 2252 1977 videatur
2283 1932 2474 1996 supra

345 2039 419 2080 n:
482 2021 620 2080 445
657 2020 734 2079 ad
749 2021 933 2097 ,4523
974 2018 1136 2098 quod
1164 2036 1300 2079 cum
1326 2019 1425 2095 fit,
1466 2021 1684 2080 avertit
1706 2034 1775 2078 sc
1810 2035 1849 2078 a
1880 2017 2170 2094 Domino,
2219 2034 2290 2077 ac
2326 2035 2469 2079 ver·
2510 2005 2520 2010 ”

343 2124 416 2181 tit
458 2120 674 2181 faciem
723 2121 802 2181 ad
848 2122 1180 2196 infernum,
1237 2122 1335 2180 cui
1369 2121 1727 2200 conjunctus
1761 2119 1959 2179 fuerat
1986 2119 2050 2176 in
2076 2118 2328 2195 mundo,
2366 2118 2473 2180 ubi

342 2223 433 2283 illi
469 2224 573 2300 qui
607 2225 669 2282 in
699 2222 880 2282 simili
914 2239 1118 2282 amore
1146 2222 1290 2282 mali
1329 2227 1488 2282 sunt.
1554 2221 1648 2281 Ex
1682 2219 1776 2280 his
1814 2225 2013 2298 patet,
2053 2219 2215 2298 quod
2253 2220 2469 2280 Domi-

222 2354 225 2357 *
342 2340 461 2383 nus
498 2323 762 2383 abducat
801 2338 1037 2383 omnem
1071 2326 1346 2400 spiritum
1385 2324 1462 2383 ad
1501 2339 1571 2384 se
1611 2340 1720 2401 per
1761 2320 2065 2399 Angelos,
2135 2326 2196 2400 et
2231 2338 2473 2398 quoque

342 2441 456 2502 per
494 2424 856 2486 influxum.e
908 2423 1128 2498 Coelo,
1187 2423 1299 2484 sed
1352 2422 1513 2500 quod
1566 2424 1811 2499 spiritus
1848 2423 1953 2498 qui
1997 2421 2057 2478 in
2098 2420 2259 2480 malo
2311 2431 2471 2494 sunt,

235 2569 242 2577 .
346 2536 599 2602 prorsus
639 2525 1000 2598 renitantur,
1057 2529 1118 2583 et
1157 2525 1333 2600 quasi
1372 2521 1665 2582 divellant
1707 2537 1775 2581 se
1818 2537 1857 2580 a
1903 2517 2190 2596 Domino,
2245 2526 2307 2580 et
2338 2525 2468 2581 tra-

344 2624 564 2684 hantur
618 2640 655 2682 a
699 2640 810 2683 suo
846 2605 1005 2682 malo
1041 2626 1204 2683 sicut
1238 2641 1276 2681 a
1309 2623 1484 2692 sune,
1525 2623 1610 2680 ita
1645 2621 1722 2681 ab
1757 2619 2019 2696 inferno,
2069 2625 2132 2680 et
2164 2623 2307 2697 quia
2342 2626 2469 2679 tra-

345 2726 599 2798 huntur,
661 2729 722 2785 et
759 2742 836 2784 ex
871 2739 1075 2783 amore
1122 2722 1266 2782 mali
1312 2723 1525 2782 volunt
1566 2722 1769 2800 sequi,
1825 2726 2062 2781 constat
2097 2720 2257 2797 quod
2290 2737 2358 2781 se
2395 2739 2473 2780 ex

345 2826 537 2886 libero
573 2826 633 2883 in
667 2825 960 2885 infernum
999 2825 1338 2901 conjiciant.
1423 2822 1606 2899 Quod
1640 2824 1724 2881 ita
1757 2822 1874 2891 sit,
1923 2838 2043 2881 non
2073 2820 2237 2881 credi
2269 2828 2474 2898 potest

345 2930 408 2987 in
446 2925 694 3000 mundo,
753 2943 829 2985 ex
864 2926 1003 2985 idea
1034 2909 1290 3001 inferni3
1346 2927 1471 2984 imo
1528 2939 1641 2983 nec
1691 2928 1945 2999 apparet
1987 2924 2048 2981 in
2099 2921 2290 2981 altera
2323 2924 2467 2995 vita,

326 3016 526 3087 'aliter
563 3043 768 3087 coram
808 3027 997 3087 oculis
1025 3025 1265 3085 illorum
1303 3027 1407 3102 qui
1442 3030 1614 3085 extra
1647 3023 1944 3083 infernum
1977 3030 2148 3099 sunt,
2201 3039 2321 3082 non
2357 3039 2471 3082 au·—
2517 3097 2528 3104 ‚

326 3136 471 3214 'tem
508 3128 671 3206 apud
707 3129 843 3187 illos
881 3130 983 3203 qui
1018 3144 1086 3186 se
1122 3126 1265 3187 illuc
1304 3125 1657 3210 conjiciunt3
1694 3127 1916 3184 intrant
1951 3125 2108 3184 enim
2135 3140 2251 3183 sua
2284 3137 2472 3201 spon-

346 3237 439 3301 te,
484 3236 546 3288 et
578 3229 667 3288 illi
704 3230 810 3307 qui
849 3245 922 3287 cx
959 3228 1208 3287 ardente
1245 3242 1447 3287 amore
1487 3226 1632 3286 mali
1670 3228 1920 3299 intrant,
1984 3231 2278 3302 apparent
2314 3227 2475 3284 sicut

346 3331 739 3407 conjiciantur
773 3330 1038 3407 supinati
1084 3330 1287 3406 capite
1325 3327 1605 3387 deorsum
1656 3333 1717 3386 et
1761 3325 2022 3403 pedibus
2061 3317 2330 3399 sursum‘3
2398 3340 2474 3383 ex

345 3430 459 3492 hac
488 3433 876 3509 ,apparentia
925 3435 1049 3504 est,
1119 3428 1279 3505 quod
1313 3428 1588 3488 videatur
1628 3428 1786 3486 sicut
1819 3442 1895 3484 ex
1931 3426 1992 3482 vi
2024 3422 2249 3482 Divina
2281 3426 2340 3481 in
2374 3427 2471 3486 in·

345 3531 582 3591 fernum
618 3533 1017 3609 dejiciantur3
1075 3530 1150 3589 de
1185 3529 1300 3590 hac
1336 3546 1403 3588 re
1438 3527 1757 3587 videantur
1792 3523 1971 3602 plura
2004 3523 2161 3582 infra
2197 3539 2269 3583 n:
2311 3526 2474 3585 5⁷4.
2538 3515 2558 3526 ’

346 3631 440 3690 Ex
488 3630 582 3688 his
626 3648 786 3690 nunc
840 3630 1033 3689 videri
1079 3635 1313 3707 potest,
1383 3626 1544 3705 quod
1594 3627 1887 3685 Dominus
1936 3640 2058 3684 non
2101 3622 2366 3701 aliquem
2410 3625 2475 3684 in

343 3731 643 3792 infernum
691 3725 964 3808 dejiciat,
1043 3729 1154 3789 sed
1209 3730 1465 3813 quisque
1526 3730 1747 3802 semet,
1826 3741 1946 3784 non
1996 3724 2174 3784 modo
2228 3742 2367 3786 cum
2409 3726 2475 3784 in

344 3832 568 3894 mundo
624 3834 804 3907 vivit,
887 3829 996 3890 scd
1060 3832 1239 3890 otiam
1303 3828 1467 3906 post'
1509 3833 1761 3889 mortem
1821 3841 1958 3886 cum
2018 3823 2175 3887 inter
2226 3827 2499 3906 spiritus·

340 3937 525 3995 venit.
1669 3939 1672 3942 ’

508 4035 668 4095 549.
728 4032 904 4110 Quod
941 4029 1238 4091 Dominus
1285 4045 1404 4090 non
1438 4027 1634 4107 possit
1669 4044 1744 4088 ex
1776 4019 2001 4090 Divina
2034 4042 2148 4087 sua
2172 4027 2472 4101 Essentia,
2559 4071 2562 4076 -

349 4151 507 4213 quae
557 4141 652 4195 est
696 4134 961 4208 Bonum,
1026 4132 1240 4207 Amor,
1322 4139 1382 4191 et
1435 4129 1879 4199 Misericordia,
1957 4144 2138 4205 agere
2204 4127 2476 4187 similiter

349 4253 486 4296 cum
531 4237 690 4295 omni
724 4236 1001 4309 homine,
1063 4239 1159 4293 est
1194 4248 1412 4307 causa,
1475 4233 1617 4309 quia
1659 4230 1821 4290 mala
1866 4236 1927 4289 et
1968 4229 2107 4288 inde
2155 4228 2312 4288 salsa
2362 4226 2484 4320 ob·-⁸

353 4332 517 4397 stant
532 4380 572 4412 ,,
611 4352 681 4397 ac
718 4336 1003 4405 Divinum
1048 4333 1251 4411 Ipsius
1293 4332 1582 4395 influxum
1632 4350 1752 4394 non
1801 4330 1977 4393 modo
2032 4329 2320 4390 hebetant
2366 4325 2478 4387 sed
