3013 5114
671 405 766 459 DE
810 400 1094 460 DOMINO
1136 405 1230 459 ET
1269 404 1492 460 IPSIUS
1534 403 1782 460 DIVINO
1824 404 2148 462 HUMANO.
2384 419 2454 472 45

339 560 666 612 Humanum
711 575 875 611 suum
914 557 1127 611 fecerit
1156 557 1428 612 Divinum
1473 561 1693 612 Verum
1736 577 1804 613 ex
1831 559 2046 613 Divino
2089 560 2254 612 Bono
2297 562 2456 632 quod

335 635 393 688 in
434 635 597 706 Ipso,
642 651 773 686 cum
815 633 928 687 fuit
970 634 1026 687 in
1069 634 1307 697 mundo,
1350 651 1420 690 uz
1463 642 1632 696 2803·
1670 642 1838 697 3194.
1876 643 2043 695 3195·
2080 643 2248 696 3210.
2286 646 2458 698 6716.

338 717 503 779 6864·
545 717 718 772 7014.
757 717 925 770 7499.
963 718 1131 770 8127·
1170 716 1339 771 8724.
1382 719 1550 771 9199·
1633 709 1798 776 Quod
1840 712 2120 765 Dominus
2163 723 2296 766 tunc
2338 730 2457 766 om—

336 787 426 840 nia
452 785 628 858 ‘apud
670 787 746 840 Se
785 786 1142 856 disposuerit
1183 787 1241 839 in
1282 786 1530 839 formam
1574 788 1904 851 coelestem,
1949 805 2096 860 quae
2131 798 2218 841 est
2258 806 2458 842 secun·

337 861 470 916 dum
513 861 792 916 Divinum
852 864 1100 926 Verum,
1163 880 1233 916 nx
1296 871 1463 923 1928.
1522 871 1692 923 3633.
1776 863 1946 941 Quod
1999 863 2132 917 ideo
2176 865 2457 918 Dominus

339 938 529 992 dictus
565 937 642 990 sit
674 937 967 1000 Verbum,
1027 938 1183 1009 quod
1226 949 1313 992 est
1354 939 1629 991 Divinum
1674 941 1923 1001 Verum,
1966 956 2034 991 n:
2077 947 2245 1000 2533.
2288 948 2456 1001 2818.

337 1022 502 1074 2859.
549 1019 722 1075 2894.
767 1022 932 1073 3393.
979 1022 1145 1073 3712.
1229 1015 1399 1093 Quod
1444 1014 1747 1086 perceptio
1790 1025 1846 1067 et
1887 1015 2164 1086 cogitatio
2205 1018 2458 1069 Domino

346 1091 454 1144 soli
497 1089 686 1143 fuerit
727 1106 793 1142 ex
836 1091 911 1144 Se
953 1090 1121 1160 Ipso,
1183 1100 1243 1143 et
1297 1108 1471 1162 supra
1517 1109 1746 1143 omnem
1789 1092 2226 1162 perceptionem
2270 1102 2328 1146 et
2368 1109 2461 1145 co·

338 1166 682 1240 gitationem
723 1165 1073 1237 angelicam,
1118 1184 1186 1219 n:
1231 1174 1396 1227 1904·
1442 1174 1610 1227 1914.
1655 1175 1821 1227 1919.

458 1240 669 1331 ‘Quod
711 1242 992 1294 Dominus
1034 1242 1289 1295 univerit
1335 1243 1610 1296 Divinum
1652 1245 1869 1296 Verum
1915 1241 2072 1314 quod
2113 1242 2275 1313 lpse,
2330 1261 2461 1297 cum

337 1318 559 1372 Divino
604 1319 767 1369 Bono
811 1317 964 1389 quod
1022 1316 1082 1368 in
1132 1316 1298 1391 Ipso,
1361 1337 1430 1370 ηε-
1486 1326 1693 1379 10047.
1743 1325 1950 1378 10052.
2001 1326 2209 1378 10076.
2290 1319 2461 1396 Quod

338 1393 530 1448 unitio
572 1393 878 1465 reciproca
918 1393 1128 1458 fuerit,
1184 1411 1252 1446 n:
1297 1401 1464 1457 2004.
1509 1402 1713 1456 10067.
1795 1394 1967 1472 Quod
2007 1395 2290 1448 Dominus
2330 1413 2460 1448 cum

343 1487 374 1524 e
414 1468 635 1522 mundo
676 1469 882 1534 abivit,
927 1471 1251 1522 Humanum
1277 1488 1441 1524 suum
1469 1471 1641 1525 etiam
1675 1470 1882 1525 fecerit
1910 1470 2186 1524 Divinum
2211 1472 2458 1535 Bonum,

339 1563 410 1599 ¹1²
456 1552 628 1607 3194.
658 1553 842 1605 3210·
888 1552 1056 1606 6864.
1096 1552 1262 1607 7499.
1306 1555 1474 1608 8724.
1513 1556 1680 1607 9199.
1726 1554 1933 1607 10076.
2071 1546 2185 1600 uod
2226 1547 2336 1600 hoc
2379 1548 2459 1600 in-

337 1622 639 1694 telligatur
676 1639 786 1694 per
826 1621 984 1694 quod
1026 1622 1274 1676 exiverit
1313 1640 1344 1676 a
1387 1626 1555 1678 Patre
1597 1633 1656 1677 et
1695 1623 1940 1677 redierit
1980 1641 2010 1676 a
2098 1626 2343 1687 Patrem,
2391 1641 2457 1677 n:

343 1707 511 1760 3194·
559 1705 731 1758 3210.
812 1697 985 1774 Quod
1027 1700 1108 1752 sic
1163 1718 1341 1753 unum
1385 1700 1569 1754 sactus
1612 1700 1685 1753 sit
1727 1718 1856 1753 cum
1902 1701 2099 1763 Patre,
2169 1718 2235 1753 n:
2289 1708 2456 1761 2751.

343 1782 511 1835 3704.
556 1781 727 1836 4766.
811 1774 982 1851 Quod
1038 1785 1172 1846 post
1227 1776 1549 1830 unitionem
1603 1776 1877 1829 Divinum
1921 1777 2141 1828 Verum
2185 1775 2463 1847 procedat

341 1868 373 1904 a
413 1851 691 1913 Domine,
734 1867 803 1908 nt
851 1856 1019 1911 3704.
1060 1859 1227 1910 3712.
1268 1860 1436 1912 3969·
1472 1860 1641 1913 4577·
1680 1857 1845 1911 5704·
1884 1857 2050 1910 7499.
2088 1859 2254 1911 8127·
2291 1859 2461 1911 8241·

344 1936 514 1987 9199.
560 1932 727 1987 9398.
810 1926 1121 2003 Quomodo
1167 1927 1439 1980 Divinum
1488 1931 1705 1981 Verum
1748 1926 2045 1997 procedit,
2089 1926 2460 1989 illustratum,

341 2021 410 2056 n:
458 2011 626 2063 7270.
670 2008 839 2064 9407.
921 2002 1095 2078 Quod
1137 2003 1419 2056 Dominus
1472 2021 1541 2057 ex
1596 2002 1837 2074 propria
1893 2002 2150 2072 potentia
2203 2003 2463 2055 univerit

343 2081 671 2132 Humanum
727 2079 974 2142 Divino,
1049 2095 1116 2130 n:
1176 2087 1341 2139 1616·
1395 2087 1562 2140 1749·
1619 2085 1785 2139 1752·
1845 2085 2013 2137 1813.
2077 2085 2244 2138 1921.
2293 2084 2461 2137 2025·

345 2163 516 2217 2026.
561 2163 732 2216 2523.
775 2161 943 2215 3141·
988 2162 1097 2215 500
1141 2192 1154 2206 ·
1199 2163 1363 2216 5045·
1404 2164 1573 2216 6716.
1637 2153 1809 2232 Quod
1852 2153 1984 2207 inde
2026 2164 2291 2208 constare
2331 2171 2463 2227 pos·

346 2233 452 2295 sit,
510 2231 669 2304 quod
712 2232 1036 2283 Humanum
1133 2232 1313 2284 omini
1367 2250 1484 2285 non
1540 2231 1724 2284 fuerit
1777 2231 1925 2284 sicut
1967 2231 2273 2284 humanum
2315 2231 2461 2284 alius

345 2306 623 2371 hominis,
669 2306 803 2379 quia
829 2318 1147 2379 conceptus
1186 2319 1309 2361 erat
1349 2307 1421 2361 ab
1465 2310 1601 2380 lpso
1631 2306 1865 2370 Divino,
1910 2325 1976 2359 n:
2021 2314 2225 2368 10125.
2256 2315 2462 2368 10826.

345 2381 520 2472 Quod
563 2382 704 2435 unio
747 2383 935 2453 Ipsius
977 2401 1104 2435 cum
1149 2386 1350 2448 Patre,
1396 2401 1462 2437 ex
1503 2385 1632 2460 Quo
1674 2382 1863 2435 anima
1904 2383 2122 2453 Ipsiu5‚
2180 2400 2298 2435 non
2340 2382 2460 2443 fue-

340 2470 423 2513 rit
464 2458 616 2513 sicut
658 2459 810 2512 inter
849 2457 1014 2523 duos,
1047 2458 1145 2513 sed
1175 2461 1324 2513 sicut
1349 2459 1501 2512 inter
1538 2459 1786 2512 animam
1820 2467 1878 2511 ct
1903 2475 2137 2530 corpus,
2182 2477 2246 2511 n:
2292 2466 2457 2517 3737.

501 2611 675 2685 Quod
715 2611 1116 2685 Antiquissimi
1163 2630 1278 2664 non
1319 2610 1568 2664 adorare
1621 2607 1921 2681 potuerint
1972 2608 2246 2662 Divinum
2302 2610 2462 2673 Esse,

343 2688 445 2743 sed
483 2688 759 2742 Divinum
803 2689 1094 2751 Existere,
1150 2687 1306 2760 quod
1349 2698 1435 2740 est
1474 2685 1748 2739 Divinum
1790 2686 2146 2749 Humanum,
2204 2695 2261 2739 et
2304 2685 2464 2757 quod

350 2765 635 2819 Dominus
678 2764 810 2817 ideo
855 2764 914 2816 in
953 2762 1230 2817 mundum
1273 2762 1531 2826 venerit,
1575 2772 1639 2815 ut
1676 2762 1843 2814 fieret
1883 2760 2155 2813 Divinum
2202 2762 2460 2815 Existere

346 2859 416 2895 ex
474 2841 691 2895 Divino
754 2842 924 2904 Esse,
986 2856 1054 2893 n:
1115 2846 1286 2900 4687.
1342 2847 1510 2900 5321.
1594 2836 1755 2903 Quod
1815 2837 2053 2909 Antiqui
2117 2838 2466 2909 agnoverint

343 2917 654 2981 Divinum,
711 2916 843 2988 quia
885 2916 1156 2987 apparuit
1199 2915 1314 2968 illis
1356 2916 1415 2968 in
1460 2917 1719 2968 Humana
1758 2912 1978 2975 forma,
2035 2923 2092 2967 et
2135 2913 2296 2987 quod
2335 2915 2461 2967 Hoc

344 2994 525 3048 fuerit
562 2992 837 3047 Divinum
883 2994 1236 3056 Humanum,
1277 3009 1344 3043 n:
1388 3000 1559 3053 5110.
1598 2998 1763 3051 5663.
1794 2996 1961 3052 6846.
2006 2998 2211 3051 10737.
2293 2990 2464 3069 Quod

342 3070 640 3123 Infinitum
686 3070 824 3121 Esse
867 3085 984 3120 non
1026 3068 1268 3121 influere
1309 3067 1571 3139 potuerit
1624 3068 1683 3120 in
1724 3067 1952 3119 coelum
1994 3066 2143 3137 apud
2189 3064 2461 3139 Angelos,

344 3164 451 3201 nec
492 3143 647 3218 apud
688 3143 972 3207 homines,
1018 3144 1126 3196 nisi
1164 3161 1271 3216 per
1299 3145 1570 3198 Divinum
1601 3145 1943 3206 Humanum,
1987 3160 2054 3195 n:
2100 3150 2265 3203 1646.
2293 3150 2460 3202 1990.

346 3231 517 3283 2916.
579 3227 750 3281 2034.
843 3220 1015 3297 Quod
1076 3220 1134 3273 in
1182 3220 1350 3273 coelo
1397 3238 1516 3273 non
1559 3218 1716 3273 aliud
1768 3219 2043 3271 Divinum
2103 3218 2465 3289 percipiatur

347 3315 517 3372 quam
557 3296 831 3349 Divinum
868 3298 1225 3360 Humanum,
1267 3314 1338 3351 nt
1384 3304 1554 3357 6475.
1592 3302 1757 3357 9303.
1796 3303 1964 3356 9267.
2003 3301 2210 3355 10067.
2291 3293 2462 3371 Quod

344 3374 618 3427 Divinum
656 3375 978 3425 Humanum
1013 3372 1085 3425 ab
1121 3381 1358 3426 aeterno
1396 3372 1575 3425 fuerit
1607 3371 1882 3425 Divinum
1911 3373 2128 3423 Verum
2172 3370 2229 3422 in
2272 3369 2461 3433 coelo,

343 3460 401 3504 et
439 3450 711 3503 Divinum
755 3448 1039 3501 transiens
1081 3467 1189 3519 per
1228 3450 1487 3511 coelum,
1534 3448 1611 3500 ita
1651 3447 1926 3499 Divinum
1971 3445 2254 3507 Existere,
2305 3443 2465 3516 quod

346 3537 549 3599 postea
605 3525 664 3577 in
703 3524 953 3577 Domino
1008 3524 1222 3578 factum
1275 3533 1361 3577 est
1410 3524 1683 3577 Divinum
1730 3524 1869 3575 Esse
1921 3537 2030 3591 per
2070 3536 2162 3581 se,
2226 3536 2294 3572 ex
2346 3537 2465 3592 quo

338 3602 623 3657 ‘Divinum
655 3600 917 3654 Existere
960 3600 1019 3652 in
1054 3600 1254 3664 coelo,
1301 3618 1364 3652 n:
1410 3607 1578 3659 3061·
1616 3605 1784 3658 6280.
1822 3603 1991 3657 6880·
2027 3600 2232 3655 10579.
2314 3598 2463 3673 Qua.

343 3678 416 3733 lis
458 3687 637 3731 status
678 3676 827 3730 coeli
879 3686 1011 3729 ante
1051 3675 1361 3729 adventum
1398 3672 1664 3737 Domini,
1726 3690 1792 3724 nt
1850 3679 2015 3732 6371.
2069 3678 2237 3730 6372.
2296 3680 2463 3732 6373.
2511 3683 2517 3692 ²

348 3753 521 3834 Quod
560 3753 834 3806 Divinum
875 3769 991 3804 non
1024 3750 1410 3824 perceptibile
1453 3750 1662 3812 suerit,
1705 3747 1815 3800 nisi
1858 3765 1987 3800 cum
2028 3747 2297 3801 transivit
2336 3765 2465 3802 coe-

346 3830 501 3894 lum,
545 3847 613 3883 n:
659 3836 825 3889 6982·
869 3836 1037 3889 6996.
1082 3835 1248 3888 7004·

502 3904 675 3985 Quod
716 3904 941 3958 incolae
982 3905 1241 3957 omnium
1282 3904 1560 3957 tellurum
1602 3900 1847 3955 adorent
1885 3899 2159 3953 Divinum
2201 3898 2305 3953 sub
2349 3900 2466 3953 Hu-

347 3998 512 4035 mana
564 3981 785 4044 forma,
849 3981 927 4033 ita
985 3979 1327 4042 Dominum,
1393 3998 1458 4032 ne
1517 3986 1683 4039 6700.
1740 3983 1885 4039 8541
1923 3975 1994 4031 ad
2031 3981 2198 4036 8547·
2256 3983 2466 4046 10736.

349 4066 555 4119 10737.
592 4065 798 4117 10738.
881 4054 1050 4134 Quod
1093 4053 1380 4128 gaudeant
1429 4072 1561 4107 cum
1601 4053 1841 4108 audiunt
1882 4050 2041 4126 quod
2080 4051 2235 4105 Deus
2274 4055 2464 4105 actua-

344 4133 482 4187 liter
522 4134 712 4186 Homo
753 4132 938 4187 factus
979 4132 1072 4196 sit,
1113 4149 1191 4184 nz*
1225 4139 1394 4191 9361.
1477 4129 1645 4196 Quod
1677 4129 1956 4183 Dominus
1984 4127 2233 4199 recipiat
2264 4143 2465 4180 omnes

346 4209 445 4283 qui
489 4209 549 4262 in
581 4209 741 4263 bono
784 4218 944 4273 sunt,
1000 4218 1059 4263 et
1098 4208 1343 4262 adorant
1376 4208 1650 4261 Divinum
1691 4205 1797 4259 sub
1842 4207 2101 4259 Humana
2140 4203 2350 4268 forma,
2394 4220 2466 4256 n:

348 4293 516 4347 9359.
601 4284 773 4364 Quod
815 4283 887 4339 de
927 4283 1050 4339 Deo
1092 4284 1202 4337 nisi
1248 4283 1303 4336 in
1346 4286 1605 4336 Humana
1650 4280 1836 4335 forma
1889 4297 2008 4333 non
2048 4278 2304 4351 cogitari,
2334 4294 2466 4359 pos·
