3013 5114
603 432 713 485 284
1198 419 1291 472 DE
1334 415 1571 471 COELO
1612 415 1707 470 ΕΤ
1746 414 2087 471 INFERNO.

603 590 910 642 externam
939 578 1186 636 sormam
1217 579 1316 636 vix
1353 576 1614 636 discerni
1650 583 1900 655 queant,
1952 583 2012 635 et
2047 582 2250 634 tamen
2285 577 2730 652 unumquodvis

600 686 663 741 in
710 698 777 740 se
829 685 1165 756 spectatum
1217 685 1309 736 est
1357 678 1678 747 dissimile,
1740 679 1883 754 quia
1930 694 2002 735 ex
2056 675 2332 734 dissimili
2376 677 2727 737 voluntate:

601 785 680 841 sit
719 781 1027 856 exemplo,
1084 781 1317 839 sincere
1355 786 1416 838 et
1444 781 1612 858 juste
1664 795 1846 854 agere
1897 795 2029 837 cum
2074 779 2271 853 soci03
2329 795 2486 836 unus
2520 785 2731 855 potest

603 884 833 942 sincere
877 888 937 940 et
978 881 1147 956 juste
1185 897 1365 956 agere
1408 898 1540 938 curn
1577 879 1679 938 illo
1731 878 1806 938 ob
1850 877 2062 948 finem,
2118 885 2186 936 ut
2234 886 2527 955 appareat
2566 879 2730 955 quod

603 984 874 1041 sincerus
922 988 979 1040 et
1007 981 1210 1058 justus
1248 984 1326 1040 sit
1358 987 1607 1058 propter
1654 995 1721 1039 se
1774 986 1835 1040 ct
1870 981 1964 1038 sui
2014 980 2330 1054 honorem5
2387 979 2537 1039 alter
2581 998 2727 1056 pro-

600 1091 738 1159 pter
788 1082 1073 1141 mundum
1128 1087 1188 1139 et-
1240 1078 1499 1158 lucrum3
1583 1084 1796 1139 tertius
1852 1088 2102 1156 propter
2155 1079 2608 1139 retributionem
2668 1089 2730 1139 et

601 1186 907 1259 meritum5
965 1189 1213 1260 quartus
1256 1189 1502 1259 propter
1548 1183 1870 1240 amicitiam
1885 1202 1902 1257 ;
1976 1184 2219 1263 quintus
2255 1188 2505 1258 propter
2549 1184 2729 1240 timo-
2792 1200 2799 1203 ’

602 1303 728 1345 rem
764 1286 946 1361 lega,
994 1285 1270 1361 jacturae
1308 1283 1501 1342 famae
1541 1290 1602 1342 et
1638 1283 1989 1358 functionis;
2028 1288 2238 1340 sextus
2275 1289 2341 1339 ut
2380 1283 2574 1340 trahat
2609 1283 2728 1343 ali-

605 1404 781 1463 quem
844 1386 918 1443 ad
959 1400 1101 1444 suas
1150 1390 1356 1460 partes
1405 1387 1586 1443 etiam
1635 1384 1825 1442 malas
1841 1428 1856 1458 ,
1925 1385 2218 1460 septimus
2274 1390 2341 1441 ut
2387 1383 2583 1457 fallat3
2637 1388 2730 1443 ita

607 1487 709 1545 alii
747 1485 951 1549 aliter:
1007 1485 1115 1543 sed
1152 1486 1408 1542 omnium
1443 1483 1658 1542 horum
1696 1485 1886 1553 sacta,
1939 1486 2179 1542 tametsi
2215 1485 2374 1542 bona
2411 1492 2727 1561 apparent,

603 1605 740 1645 nam
777 1589 1010 1645 sincere
1050 1592 1109 1644 et
1135 1585 1301 1662 juste
1342 1602 1522 1661 agere
1561 1601 1696 1644 cum
1731 1588 1894 1644 socio
1930 1593 2023 1644 est
2057 1585 2306 1659 bonum,
2346 1590 2540 1661 usque
2569 1585 2734 1644 mala

605 1693 776 1758 sunt,
830 1688 1106 1763 quoniam
1149 1703 1262 1743 non
1315 1687 1462 1745 fiunt
1511 1692 1762 1763 propter
1812 1689 2107 1745 sincerum
2148 1695 2207 1744 et
2240 1687 2502 1764 justum,
2567 1687 2734 1764 quod

602 1795 764 1846 amet
797 1788 930 1862 illa,
976 1787 1083 1846 sed
1120 1793 1366 1862 propter
1403 1805 1468 1846 se
1510 1794 1569 1847 et
1605 1787 1922 1857 mundum,
1969 1805 2120 1863 quos
2158 1793 2352 1867 amat,
2404 1791 2502 1846 cui
2538 1790 2736 1848 amori

602 1891 902 1948 sincerum
945 1895 1005 1947 et
1031 1889 1261 1966 justum
1302 1890 1603 1959 serviunt,
1655 1889 1811 1948 sicut
1855 1887 2062 1948 famuli
2097 1887 2362 1964 domino,
2421 1905 2571 1965 quos
2615 1889 2732 1948 do-

602 1992 798 2050 minus
835 1989 1151 2066 vilipendit
1188 1997 1249 2047 et
1291 1990 1562 2065 ablegat,
1619 1990 1855 2066 quando
1894 1988 2007 2048 sibi
2056 2006 2174 2047 non
2213 1993 2502 2049 serviunt.
2584 1989 2733 2050 Sin-

602 2107 740 2150 cere
779 2098 838 2149 et
878 2091 1044 2167 juste
1090 2107 1226 2149 cum
1280 2093 1443 2148 socio
1501 2090 1579 2147 ad
1619 2090 1873 2149 similem
1925 2093 2341 2166 apparentiam
2377 2094 2436 2149 in
2482 2098 2739 2151 externa

605 2191 797 2248 forma
835 2193 1014 2247 etiam
1053 2196 1238 2265 agunt
1275 2193 1375 2265 qui
1414 2207 1488 2248 ex
1547 2207 1749 2249 amore
1787 2192 2006 2250 sinceri
2046 2196 2107 2249 et
2132 2191 2285 2268 justi
2321 2199 2536 2268 agunt,
2592 2194 2735 2268 qui-

602 2288 738 2347 dam
775 2306 988 2364 ,eorum
1029 2306 1101 2346 ex
1131 2305 1274 2347 vero
1310 2289 1449 2348 fidei
1487 2308 1596 2350 seu
1634 2290 2003 2362 obedientia,
2044 2294 2184 2368 quia
2219 2293 2301 2350 ita
2338 2301 2740 2371 praeceptum

603 2395 697 2448 est
736 2391 796 2447 in
833 2389 1069 2466 Verb03
1126 2390 1362 2466 quidam
1404 2407 1475 2450 ex
1521 2392 1677 2451 bono
1719 2391 1856 2449 fidei
1893 2407 2003 2451 seu
2039 2396 2437 2469 conscientia,
2488 2396 2629 2471 quia
2656 2412 2742 2454 ex

600 2490 915 2567 religioso;
986 2492 1225 2569 quidam
1277 2510 1350 2551 ex
1402 2491 1559 2552 bono
1615 2492 1924 2552 charitatis
1977 2510 2119 2571 erga
2169 2497 2534 2570 proximum,
2592 2498 2742 2581 quia

600 2593 732 2672 ejus
778 2593 939 2653 bono
977 2593 1407 2653 consulendum
1453 2602 1580 2670 est3
1638 2595 1880 2671 quidam
1935 2612 2010 2653 ex
2044 2595 2200 2654 bono
2243 2598 2460 2655 amoris
2501 2599 2563 2656 in
2599 2596 2737 2657 Do-

599 2696 854 2769 minum,
927 2698 1067 2771 quia
1111 2696 1332 2753 bonum
1380 2696 1719 2756 faciendum
1769 2701 2016 2772 propter
2058 2696 2307 2770 bonum,
2358 2700 2445 2756 ita
2493 2716 2740 2775 quoque

599 2797 897 2854 sincerum
937 2802 997 2853 et
1029 2796 1259 2871 justum
1284 2804 1549 2873 -propter
1578 2799 1875 2854 sincerum
1919 2803 1978 2854 et
1997 2798 2228 2875 justum
2250 2843 2266 2873 ‚
2324 2815 2479 2876 quae
2531 2806 2740 2859 amant

602 2897 744 2971 quia
783 2901 923 2953 sunt
967 2911 1004 2952 a
1038 2895 1329 2971 Domino,
1403 2904 1462 2955 et
1501 2898 1641 2972 quia
1687 2897 1971 2956 Divinum
2016 2901 2348 2974 procedens
2395 2918 2433 2958 a
2473 2900 2740 2961 Domino

600 3000 697 3054 est
743 2997 805 3052 in
853 2994 1005 3066 illis,
1064 3002 1123 3053 et
1174 2997 1310 3055 inde
1354 2998 1461 3056 illa
1504 2999 1562 3054 in
1614 3000 1751 3074 ipsa
1797 3014 1908 3056 sua
1963 3003 2226 3059 essentia
2272 3007 2548 3078 spectata
2593 3009 2741 3062 sunt

596 3094 855 3154 Divina:
921 3093 1130 3152 horum
1185 3097 1347 3157 sacta
1402 3104 1506 3156 aut
1565 3116 1750 3175 opera
1800 3106 1939 3157 sunt
1992 3102 2243 3160 interius
2286 3102 2471 3175 bona,
2542 3120 2737 3180 quare

602 3196 780 3253 etiam
819 3200 958 3253 sunt
998 3197 1262 3254 exterius
1307 3197 1497 3271 bona,
1564 3216 1735 3273 nam,
1792 3207 1858 3257 ut
1905 3216 2092 3278 supra
2129 3202 2352 3262 dictum
2388 3209 2514 3279 est,
2570 3204 2738 3264 facta

601 3302 706 3355 aut
741 3313 929 3372 opera
966 3312 1214 3372 prorsus
1244 3300 1391 3357 talia
1426 3306 1598 3373 sunt,
1649 3299 1845 3375 qualis
1886 3306 1980 3358 est
2015 3305 2299 3379 cogitatio
2338 3310 2398 3363 et
2432 3304 2735 3380 voluntas,

601 3416 680 3458 ex
728 3397 945 3475 quibus
993 3397 1352 3475 procedunt,
1411 3406 1471 3459 et
1525 3387 1686 3476 qnod
1735 3400 1964 3477 absque
2012 3403 2106 3463 his
2151 3394 2269 3463 non
2305 3385 2424 3464 sint
2472 3407 2635 3464 facta
2671 3411 2737 3465 et

602 3517 820 3577 opera,
874 3500 982 3558 sed
1018 3499 1210 3559 solum
1253 3508 1449 3560 motus
1487 3503 1817 3561 inanimati.
1879 3502 1967 3560 Ex
2006 3503 2099 3563 his
2137 3511 2402 3582 constat,
2442 3505 2586 3583 quid
2621 3524 2737 3584 per

601 3618 790 3678 opera
834 3609 892 3660 et
931 3602 1091 3661 facta
1125 3603 1182 3660 in
1221 3602 1424 3663 Verbo
1460 3604 1836 3682 intelligitur.

756 3703 919 3761 473.
991 3701 1149 3777 Quia
1192 3704 1353 3764 facta
1389 3712 1491 3764 aut
1539 3723 1726 3782 opera
1771 3713 1911 3764 sunt
1947 3705 2275 3766 voluntatis
2314 3713 2376 3765 et
2409 3710 2735 3785 cogitatio-

598 3802 725 3871 nis,
795 3799 929 3859 ideo
990 3819 1225 3878 quoque
1279 3812 1420 3864 sunt
1483 3808 1703 3865 amoris
1752 3813 1813 3865 et
1861 3806 2037 3879 fidei,
2092 3808 2345 3883 proinde
2394 3809 2541 3867 talia
2593 3815 2740 3868 sunt

603 3899 798 3976 qualis
842 3908 935 3958 est
965 3918 1131 3960 amor
1169 3910 1228 3962 et
1265 3905 1445 3981 fides;
1511 3924 1648 3965 nam
1687 3908 1813 3966 sive
1850 3907 2016 3966 dicas
2055 3923 2318 3984 amorem
2355 3911 2482 3968 sive
2517 3910 2739 3968 volun-

600 4003 788 4057 tatem
829 3998 1117 4071 hominia,
1164 4002 1321 4060 idem
1356 4012 1480 4075 est,
1530 4011 1590 4064 et
1626 4008 1753 4066 sive
1793 4006 1957 4067 dicas
1994 4007 2172 4066 fldem
2212 4015 2272 4067 et
2308 4011 2736 4086 cogitationem
2800 4003 2807 4010 ”

601 4105 825 4158 certam
860 4098 1153 4170 hominiS,
1191 4103 1368 4159 etiam
1404 4102 1559 4161 idem
1601 4111 1720 4181 est,
1776 4124 1914 4166 nam
1953 4109 2114 4185 quod
2157 4109 2335 4168 homo
2373 4117 2560 4186 amat,
2619 4110 2737 4170 hoc

600 4216 840 4277 quoque
887 4200 1049 4271 vult,
1117 4207 1176 4261 et
1223 4201 1385 4278 quod
1436 4203 1614 4263 homo
1669 4194 1860 4266 cre'dit
1903 4208 2018 4268 hoc
2073 4227 2314 4287 quoque
2369 4214 2625 4289 cogitat3
2683 4214 2739 4270 si

599 4300 776 4362 homo
833 4308 992 4363 amat
1040 4302 1197 4379 quod
1243 4303 1461 4378 credit,
1524 4311 1663 4365 tunc
1722 4324 1959 4385 quoque
2013 4310 2142 4369 vult
2182 4310 2275 4388 id,
2333 4318 2391 4371 et
2442 4319 2736 4389 quantum
