3013 5114
557 408 628 456 28
1152 396 1245 448 DE
1290 394 1524 449 COELO
1568 394 1660 447 ET
1701 393 2040 451 INFERNO.

557 557 715 614 sicut
748 555 950 630 pisces
982 557 1149 612 extra
1182 570 1373 630 aquas
1408 556 1471 613 in
1509 553 1934 630 atmosphaera
1946 572 1962 629 3
2019 558 2078 611 et
2112 555 2271 612 sicut
2304 550 2584 612 animalia
2608 553 2669 611 in

556 654 756 714 antliis
803 654 1201 729 pneumaticis
1241 656 1302 712 in
1347 653 1594 713 aethere
1641 660 1908 714 extracto
1958 654 2117 712 ae're.
2195 650 2345 712 Inde
2394 659 2668 711 constare

554 758 786 831 potest,
839 753 998 829 quod
1035 752 1286 812 Coelum
1327 757 1405 814 sit
1437 757 1598 813 intra
1637 760 1696 814 et
1730 771 1847 812 non
1886 760 2056 813 extra
2082 752 2343 829 aIIquem
2384 748 2522 833 (fff).

771 854 880 912 55.
946 853 1103 929 Quia
1139 871 1345 914 omnes
1384 857 1687 931 recipiunt
1726 854 1960 914 coelum
1998 853 2159 930 quod
2199 860 2372 911 extra
2403 852 2540 912 illos
2579 860 2672 912 est

560 954 890 1016 secundum
946 953 1122 1029 quale
1178 956 1332 1014 coeli
1374 956 1531 1031 quod
1574 958 1730 1013 intra
1772 954 1936 1024 illos,
2010 954 2145 1012 ideo
2187 953 2462 1012 similiter
2513 955 2668 1013 reci-

556 1056 729 1132 piunt
762 1054 1103 1127 Dominum,
1145 1058 1422 1132 quoniam
1461 1057 1748 1115 Divinum
1777 1056 2018 1113 Domini
2055 1055 2199 1114 facit
2235 1054 2497 1114 coelum:
2536 1053 2673 1112 inde

561 1162 674 1225 est,
712 1155 873 1231 quod
904 1171 1037 1213 cum
1065 1155 1360 1215 Dominus
1401 1154 1479 1216 Se
1517 1162 1900 1231 praesentem
1937 1155 2094 1213 sistit
2128 1158 2189 1212 in
2224 1154 2427 1229 aliqua
2464 1154 2672 1213 Socie-

559 1262 717 1330 tate,
774 1255 934 1331 quod
970 1255 1051 1314 ibi
1088 1262 1380 1332 appareat
1415 1255 1744 1315 secundum
1784 1254 1961 1331 quale
2009 1254 2151 1312 boni
2187 1257 2247 1312 in
2287 1273 2405 1331 quo
2446 1261 2539 1313 est
2573 1271 2676 1312 so-

560 1359 780 1428 cietas,
837 1358 921 1412 ita
968 1373 1086 1413 non
1137 1355 1409 1414 similiter
1455 1358 1517 1413 in
1560 1372 1681 1413 una
1730 1357 2018 1414 societate
2072 1362 2138 1412 ut
2184 1357 2244 1412 in
2283 1355 2503 1413 alterae
2559 1372 2678 1412 non

560 1456 720 1532 quod
757 1455 1172 1513 dissimilitudo
1208 1454 1314 1512 illa
1365 1458 1443 1514 sit
1479 1457 1540 1512 in
1575 1455 1861 1522 Domin0‚
1927 1454 2037 1512 sed
2076 1457 2137 1512 in
2172 1453 2291 1513 illis
2335 1458 2436 1529 qui
2474 1455 2678 1513 vident

560 1556 767 1631 Ipsum
812 1571 887 1611 ex
934 1571 1043 1611 suo
1101 1554 1287 1623 bono,
1339 1558 1423 1613 ita
1474 1555 1803 1614 secundum
1859 1554 2037 1628 illud3
2094 1555 2434 1613 afficiuntur
2495 1557 2676 1613 etiam

555 1654 701 1731 Ipso
752 1652 901 1711 Viso
951 1654 1278 1714 secundum
1342 1654 1519 1729 quale
1568 1658 1662 1714 sui
1711 1656 1965 1723 amoris;
2049 1659 2149 1732 qui
2211 1657 2416 1712 intime
2474 1659 2678 1712 amant

553 1755 783 1831 Ipsum,
819 1755 1022 1813 intime
1061 1756 1414 1827 afficiuntur,
1458 1757 1558 1832 qui
1593 1757 1793 1814 minus
1830 1763 2033 1814 amant
2069 1758 2266 1814 minus
2303 1753 2676 1829 afficiuntur3

558 1855 701 1913 mali
762 1856 864 1931 qui
937 1862 1107 1913 extra
1167 1855 1399 1913 coelum
1449 1862 1618 1931 sunt,
1688 1856 1766 1913 ad
1815 1858 2221 1931 praesentiam
2270 1854 2473 1931 Ipsius
2537 1871 2676 1912 cru-

561 1958 812 2015 ciantur.
906 1955 1054 2015 Cum
1091 1958 1388 2015 Dominus
1432 1964 1688 2033 apparet
1723 1959 1783 2015 in
1821 1956 2023 2033 aliqua
2056 1958 2373 2029 societate,
2425 1960 2681 2032 apparet

555 2057 640 2117 ibi
676 2067 742 2115 ut
780 2056 1079 2133 Angelus3
1136 2056 1245 2116 sed
1300 2057 1669 2134 dignoscitur
1718 2056 1794 2115 ab
1843 2057 1975 2116 aliis
2030 2075 2141 2133 per
2187 2056 2472 2116 Divinum
2522 2054 2682 2133 quod

557 2156 906 2221 translucet.

770 2257 877 2315 56.
949 2255 1197 2316 Coelum
1245 2259 1423 2316 etiam
1465 2266 1585 2333 est,
1643 2258 1743 2316 ubi
1778 2259 2072 2318 Dominus
2110 2258 2482 2334 agnoscitur,
2545 2272 2677 2314 cre·

562 2358 757 2425 ditur,
804 2362 865 2414 et
900 2363 1135 2414 amatur
1148 2378 1163 2433 3
1220 2360 1485 2418 varietas
1525 2359 1721 2417 cultus
1757 2359 1961 2436 Ipsius
2001 2376 2076 2417 ex
2114 2359 2407 2416 varietate
2446 2356 2586 2415 boni
2620 2358 2690 2414 in·

564 2459 866 2518 Societate
904 2475 1025 2516 una
1063 2464 1122 2517 et
1162 2458 1387 2529 altera,
1441 2478 1560 2520 non
1595 2461 1709 2518 fert
1754 2461 2068 2534 damnum,
2134 2459 2241 2517 sed
2284 2458 2399 2516 fert
2449 2455 2679 2516 emolu-e

561 2566 824 2634 mentum
844 2579 867 2636 3,
915 2576 1051 2617 nam
1089 2561 1382 2636 perfectio
1423 2562 1574 2621 coeli
1622 2563 1757 2622 inde
1797 2569 1903 2621 est.
1996 2561 2171 2638 Quod
2205 2560 2495 2637 perfectio
2532 2554 2684 2617 coeli

559 2662 698 2721 inde
734 2663 843 2734 sit,
893 2677 1074 2737 aegre
1118 2662 1194 2720 ad
1232 2671 1472 2737 captum
1515 2649 1801 2739 explicari
1837 2668 2065 2739 potest,
2117 2663 2231 2719 nisi
2261 2663 2318 2718 in
2356 2677 2534 2736 opem
2569 2657 2680 2717 ad-

561 2761 885 2821 hibeantur
921 2778 1103 2820 voces
1143 2765 1203 2820 in
1238 2763 1474 2821 literato
1526 2763 1669 2822 orbe
1707 2764 1986 2823 solennes
2026 2769 2085 2821 et
2129 2764 2420 2835 usitatae,
2480 2767 2539 2819 et
2573 2775 2683 2834 per

562 2861 698 2919 illas
736 2866 1070 2935 exponatur
1101 2860 1396 2934 quomodo
1436 2881 1615 2921 unum
1655 2864 1814 2938 quod
1849 2862 2180 2937 perfectum
2221 2879 2292 2920 ex
2332 2862 2516 2920 variis
2552 2860 2677 2918 for-

562 2966 784 3019 matur:
839 2976 1013 3016 omne
1050 2977 1235 3016 unum
1273 2977 1346 3018 ex
1397 2964 1578 3020 variis
1627 2964 1857 3034 existit,
1921 2980 2059 3019 nam
2096 2980 2310 3036 unum,
2369 2962 2530 3037 quod
2562 2977 2683 3019 non

563 3079 638 3120 ex
673 3061 857 3117 variis
871 3102 886 3132 ,
944 3076 1061 3116 non
1111 3068 1203 3117 est
1240 3059 1490 3135 aliquid,
1549 3080 1667 3120 non
1713 3061 1897 3122 habet
1946 3064 2229 3131 formam,
2278 3069 2338 3122 et
2383 3062 2521 3122 ideo
2557 3076 2682 3120 non

562 3160 744 3219 habet
790 3158 1007 3234 quale:
1066 3176 1200 3217 cum
1256 3166 1456 3219 autem
1512 3180 1692 3220 unum
1745 3164 1952 3222 existit
2000 3180 2075 3221 ex
2125 3165 2343 3236 variiS,
2411 3169 2471 3223 et
2517 3164 2687 3221 varia

564 3262 798 3320 suntin
843 3259 1036 3317 forma
1084 3261 1383 3336 perfecta,
1439 3264 1502 3320 in
1552 3281 1673 3338 qua
1723 3263 2034 3340 quodlibet
2082 3263 2354 3340 adjungit
2399 3279 2467 3322 se
2512 3262 2687 3322 alteri

564 3368 631 3420 ut
659 3363 916 3420 amicum
957 3363 1337 3421 consentiens
1383 3364 1443 3420 in
1477 3365 1668 3438 serie,
1706 3370 1847 3422 tunc
1882 3362 2068 3423 habet
2113 3363 2290 3440 quale
2320 3365 2684 3440 perfectum:

565 3462 814 3522 Coelum
851 3463 1030 3520 etiam
1075 3468 1168 3520 est
1210 3480 1392 3521 unum
1441 3480 1517 3522 ex
1566 3465 1749 3523 variis
1794 3466 1862 3539 ¹in
1897 3464 2398 3541 perfectissimam
2434 3465 2685 3524 formam

562 3562 875 3638 ordinatis3
930 3580 1069 3621 nam
1118 3563 1309 3623 forma
1364 3562 1648 3625 coelestis
1705 3571 1797 3625 est
1858 3567 2118 3624 omnium
2166 3565 2493 3625 formarum
2541 3582 2686 3641 per-

564 3663 947 3722 fectissima„
1007 3662 1184 3738 Quod
1242 3666 1433 3725 omnis
1489 3665 1790 3750 perfectio
1829 3664 1969 3726 inde
2016 3669 2124 3741 sit,
2190 3671 2361 3742 patet
2408 3665 2484 3724 ab
2532 3666 2689 3724 omni

562 3761 1038 3840 pulchritudine,
1076 3769 1469 3861 amoenitate,
1520 3773 1580 3825 et
1607 3766 2021 3844 jucunditate,
2078 3784 2233 3843 quae
2262 3766 2528 3825 afficiunt
2561 3772 2687 3824 tam

565 3879 782 3924 sensus
820 3880 999 3938 quam
1028 3867 1255 3924 animos
1267 3889 1284 3942 3
1322 3867 1463 3926 illae
1501 3869 1658 3926 enim
1699 3886 1819 3928 non
1855 3867 2093 3927 aliunde
2125 3869 2383 3928 existunt
2410 3873 2472 3927 et
2497 3867 2691 3925 fluunt
2747 3895 2770 3910 -

567 3981 745 4040 quam
773 3980 847 4023 ex
880 3972 1174 4023 concentu
1201 3972 1262 4026 et
1287 3967 1602 4026 harmonia
1625 3968 1889 4045 plurium
1920 3968 2405 4029 concordantium
2444 3973 2506 4028 et
2541 3984 2688 4027 con-

567 4065 979 4136 sentientium,
1035 4065 1164 4131 sive
1196 4085 1270 4128 ea
1304 4069 1364 4126 in
1400 4067 1609 4127 ordine
1647 4071 1998 4146 coexistent,
2036 4071 2167 4129 sive
2200 4070 2264 4127 in
2300 4069 2505 4129 ordine
2542 4084 2689 4127 con-

723 4281 848 4350 (fff)
890 4281 1055 4349 Quod
1093 4280 1335 4336 Coelum
1372 4280 1444 4335 sit
1480 4281 1539 4334 in
1575 4279 1825 4344 homine,
1872 4297 1939 4333 n:
1985 4285 2155 4340 3884.
