3013 5114
573 421 680 475 142
1201 409 1297 462 DE
1339 407 1574 464 COELO
1617 407 1711 462 ET
1751 405 2082 462 INFERNO.

573 593 648 633 ex
685 589 789 645 eo,
844 569 1001 647 quod
1050 571 1111 627 in
1149 568 1349 628 Coelis
1395 571 1657 629 omnium
1710 568 2163 628 communicatio
2213 569 2318 642 sit,
2373 568 2547 627 unius
2586 571 2684 628 in-

569 674 899 750 telligentia
972 676 1032 730 et
1096 672 1393 747 sapientia
1473 672 1943 730 communicatur
2008 667 2210 739 alteri,
2285 674 2381 728 est
2434 652 2688 730 coelum

575 775 921 835 Communio
977 773 1235 831 omnium
1294 772 1615 847 bonorum3
1685 787 1871 830 causa
1908 776 2030 845 est,
2107 770 2249 844 quia
2296 772 2484 829 Amor
2537 787 2681 832 coe-

573 877 742 936 lestis
792 873 930 933 talis
970 878 1088 943 est,
1145 875 1196 931 is
1233 872 1364 931 vult
1396 879 1464 931 ut
1497 875 1577 932 sit
1613 872 1860 932 alterius
1897 871 2057 948 quod
2092 888 2267 929 suum
2304 878 2427 948 est,
2498 889 2687 948 quare

575 994 750 1037 nemo
779 979 839 1034 in
869 973 1052 1034 Coelo
1090 976 1347 1051 percipit
1385 974 1607 1033 bonum
1645 990 1818 1031 suum
1854 975 1916 1031 in
1953 989 2019 1031 se
2059 978 2123 1030 ut
2156 972 2406 1048 bonum,
2458 974 2574 1032 nisi
2607 976 2689 1033 sit

578 1081 756 1138 etiam
792 1079 852 1134 in
889 1076 1108 1150 altero,
1166 1075 1303 1133 inde
1345 1093 1584 1152 quoque
1624 1082 1718 1133 est
1756 1073 2010 1134 felicitas
2048 1073 2245 1149 Coeli3
2306 1052 2422 1134 boc
2459 1073 2685 1134 ducunt

576 1178 794 1256 Angeli
847 1195 884 1236 a
935 1177 1220 1250 Domino,
1278 1176 1464 1253 Cujus
1512 1176 1765 1234 Divinus
1815 1192 1981 1233 amor
2025 1174 2160 1233 talis
2201 1180 2319 1234 est.
2373 1175 2550 1251 Quod
2585 1181 2682 1235 ta·

575 1280 648 1339 lis
687 1280 1141 1339 communicatio
1196 1280 1254 1336 in
1296 1276 1494 1336 Coelis
1532 1279 1638 1351 sit,
1712 1276 1916 1334 datum
1967 1278 2146 1335 etiam
2201 1282 2295 1335 est
2329 1294 2443 1353 per
2491 1293 2682 1353 expe-

571 1382 847 1441 rientiam
884 1381 1073 1454 scire3
1146 1378 1385 1453 quidam
1437 1377 1741 1454 simplices
1781 1377 2137 1453 quandoque
2174 1376 2397 1436 sublati
2448 1383 2588 1436 sunt
2622 1379 2688 1436 in

581 1481 855 1556 coelum,
915 1485 974 1539 et
1004 1497 1136 1539 cum
1177 1479 1349 1551 illuc,
1405 1480 1583 1538 etiam
1620 1479 1678 1537 in
1713 1477 2062 1554 Angelicam
2101 1479 2457 1554 sapientiam
2492 1495 2682 1538 vene-

573 1588 736 1657 runt,
795 1587 856 1641 et
890 1588 1032 1638 tunc
1086 1580 1510 1641 intellexerunt
1550 1579 1695 1638 talia
1734 1595 1887 1654 quae
1922 1581 2089 1656 prius
2125 1597 2245 1638 non
2283 1577 2681 1657 comprehen-

575 1684 717 1743 dere
762 1688 1120 1761 potuerunt,
1198 1688 1259 1741 et
1301 1680 1534 1758 loquuti
1583 1686 1726 1740 sunt
1772 1697 1926 1757 quae
1979 1682 2040 1739 in
2087 1682 2288 1757 priore
2340 1686 2504 1741 statu
2563 1698 2684 1741 non

470 1805 478 1813 ¹
572 1784 737 1844 effari
772 1789 1115 1861 potuerunt.

732 1888 893 1946 269.
952 1883 1163 1961 Qualis
1190 1885 1486 1961 sapientia
1513 1882 1880 1959 Angelorum
1934 1888 2055 1957 est,
2112 1900 2229 1942 non
2276 1881 2535 1943 describi
2567 1900 2681 1943 vo·

572 1986 741 2046 cibus
777 1993 1011 2064 potest,
1063 1985 1173 2045 sed
1208 1985 1383 2045 modo
1429 1984 1720 2042 illustrari
1747 2002 1856 2060 per
1892 1984 2093 2060 aliqua
2126 1985 2462 2043 communia
2475 2003 2491 2059 3
2545 1985 2678 2043 An-

570 2087 691 2164 geli
738 2093 996 2165 possunt
1044 2104 1164 2146 una
1221 2103 1369 2146 voce
1429 2087 1804 2161 exprimere,
1882 2101 2038 2162 quae
2084 2086 2261 2146 homo
2317 2102 2437 2144 non
2477 2091 2682 2163 potest

568 2188 730 2247 mille
776 2187 1056 2246 vocibus:
1114 2193 1173 2246 et
1214 2192 1538 2262 praeterea
1583 2186 1686 2243 uni
1746 2188 1885 2244 voci
1934 2186 2265 2264 Angelicae
2313 2189 2516 2246 insunt
2583 2188 2679 2245 in·

567 2305 845 2363 numera,
911 2304 1066 2363 quae
1113 2287 1361 2346 vocibus
1407 2286 1650 2362 linguae
1698 2286 1998 2346 humanae
2046 2289 2299 2365 exprimi
2346 2293 2679 2365 nequeunt3

565 2390 627 2448 ln
662 2389 912 2466 singulis
946 2390 1120 2447 “enim
1161 2405 1316 2464 quae
1353 2386 1572 2464 Angeli
1617 2387 1942 2463 loquuntur
2006 2394 2145 2447 sunt
2181 2405 2401 2449 arcana
2432 2389 2681 2465 sapien-

566 2492 685 2549 tiae
721 2494 783 2548 in
818 2491 1096 2550 continuo
1149 2506 1340 2563 nexu,
1393 2487 1471 2547 ad
1506 2506 1663 2566 quae
1705 2490 1994 2549 scientiae
2042 2490 2345 2550 humanae
2380 2505 2681 2567 nusquam

566 2596 943 2670 pertingunt3
1016 2591 1238 2668 Angeli
1287 2593 1466 2651 etiam
1519 2607 1673 2668 quae
1724 2607 1844 2649 non
1895 2592 2145 2653 vocibus
2203 2591 2481 2670 loquelae
2531 2607 2682 2653 suae

568 2695 957 2766 exhauriunt,
1015 2692 1301 2770 supplent
1351 2709 1530 2766 sono,
1588 2693 1687 2752 cui
1719 2693 1879 2751 inest
1919 2692 2152 2754 affectio
2212 2710 2408 2754 rerum
2445 2693 2507 2751 in
2567 2708 2680 2752 suo

569 2795 807 2869 ordine,
846 2812 1013 2866 nam,
1050 2799 1118 2851 ut
1152 2810 1338 2869 supra
1372 2811 1444 2853 n:
1489 2796 1650 2853 236.
1713 2795 1845 2852 241
1904 2793 2125 2855 dictum
2169 2800 2290 2868 est,
2345 2810 2457 2870 per
2499 2809 2682 2854 sonos

567 2897 908 2970 exprimunt
944 2893 1321 2968 affectioneS,
1380 2900 1441 2953 et
1466 2911 1579 2971 per
1607 2911 1788 2954 voces
1835 2894 2005 2955 ideas
2055 2896 2430 2973 cogitationis
2468 2911 2544 2954 ex
2580 2894 2675 2953 af·

565 2994 961 3068 sectionibus;
1016 2992 1154 3052 inde
1205 3000 1332 3064 est,
1401 2994 1562 3070 quod
1608 3012 1764 3071 quae
1816 2995 2138 3060 audiuntur
2195 2999 2256 3055 in
2294 2994 2510 3071 Coelo,
2581 2995 2677 3054 di·

565 3101 778 3155 cantur
833 3093 1175 3153 ineffabilia.
1266 3094 1486 3171 Angeli
1533 3095 1804 3157 similiter
1855 3103 2117 3174 possunt
2154 3096 2391 3174 singula
2427 3114 2580 3172 quae
2615 3098 2681 3155 in

564 3195 862 3255 volumine
905 3194 1162 3271 alicujus
1209 3195 1377 3255 Libri
1417 3198 1646 3272 scripta
1670 3206 1842 3271 sunt,
1894 3200 2106 3274 paucis
2139 3198 2390 3258 vocibus
2420 3197 2676 3272 edicere,

562 3302 625 3356 et
665 3299 855 3356 cuivis
893 3297 1026 3355 voci
1051 3296 1256 3388 indere
1294 3295 1444 3356 talia
1480 3314 1637 3380 quae
1667 3299 1907 3358 elevant
1942 3298 2019 3358 ad
2045 3301 2401 3376 sapientiam
2427 3299 2676 3358 interio-

562 3417 722 3475 rem3
776 3398 1022 3475 loquela
1057 3400 1211 3457 enim
1239 3414 1446 3459 eorum
1479 3398 1619 3457 talis
1652 3406 1779 3472 est,
1831 3405 1898 3459 ut
1944 3407 2232 3459 consonet
2273 3383 2408 3458 cum
2442 3398 2676 3458 affecti·
2775 3385 2778 3390 ’

559 3501 804 3569 onibuS,
859 3506 919 3560 et
962 3502 1333 3576 unaquaevis
1387 3517 1508 3559 vox
1545 3516 1680 3559 cum
1728 3500 1918 3573 ideis,
1981 3517 2167 3563 voces
2203 3503 2385 3560 etiam
2429 3501 2676 3559 varian-

560 3608 659 3659 tur
693 3601 934 3660 infinitis
972 3600 1162 3660 modis
1200 3600 1531 3662 secundum
1567 3603 1758 3661 series
1808 3618 2009 3661 rerum
2055 3619 2213 3679 quae
2260 3603 2322 3659 in
2357 3599 2681 3678 complexu

560 3707 699 3760 sunt
733 3703 793 3759 in
829 3703 1207 3779 cogitatione.
1288 3701 1510 3779 Angeli
1537 3703 1854 3762 interiores
1893 3704 2073 3762 etiam
2101 3707 2356 3779 possunt
2401 3718 2477 3761 ex
2525 3716 2680 3760 sono

560 3806 622 3860 et
663 3800 842 3859 simul
895 3801 1196 3878 aliquibus
1250 3804 1499 3862 vocibus
1557 3803 1858 3879 loquentis
1895 3806 2050 3863 scire
2085 3805 2378 3880 integram
2417 3801 2551 3879 ejus
2585 3801 2682 3860 vi-

559 3908 711 3976 tam,
767 3904 1107 3977 percipiunt
1153 3905 1310 3961 enim
1367 3920 1441 3961 ex
1481 3920 1700 3962 sonoro
1755 3906 2062 3980 variegato
2096 3921 2209 3981 per
2254 3902 2422 3962 ideas
2470 3904 2532 3961 in
2564 3918 2677 3962 vo-

559 4002 730 4060 cibus
780 4018 1044 4060 amorem
1096 4003 1226 4079 ejus
1275 4011 1658 4078 regnantem,
1721 4006 1820 4063 cui
1886 4007 2094 4064 insunt
2163 4006 2342 4080 quasi
2386 4004 2682 4080 inscripta

555 4102 886 4180 singularia
919 4103 1080 4161 vitae
1111 4102 1243 4179 ejus
1283 4098 1387 4184 (c).
1439 4104 1531 4163 Ex
1592 4104 1688 4163 his
1724 4111 1923 4182 patet,
1999 4105 2192 4184 qualis
2230 4110 2325 4165 est
2379 4103 2681 4183 sapientia

634 4318 718 4414 (c)
763 4315 935 4396 Quod
973 4317 1384 4375 universaliter
1424 4338 1673 4393 regnans
1716 4339 1816 4376 seu
1877 4322 2180 4379 dominans
2222 4332 2309 4377 est
2367 4319 2520 4393 apud
2581 4320 2680 4374 ho·
