3013 5114
534 385 624 436 ’58
1170 372 1264 425 DE
1310 372 1548 427 COELO
1589 371 1683 425 ET
1723 370 2057 427 INFERNO.

549 533 710 611 quod
745 534 913 590 varia
950 531 1247 607 animalia,
1288 538 1355 590 ut
1388 532 1609 607 boves,
1642 532 1908 608 juvenci,
1948 532 2185 606 arieteS,
2226 546 2390 601 oveS,
2431 546 2671 611 caprae,

548 635 728 708 hirci,
770 635 907 708 agni
945 639 1005 692 et
1040 650 1264 709 agnae,
1300 639 1429 697 turn
1463 649 1702 708 quoque
1741 631 2002 690 columbi
2038 638 2097 689 et
2132 637 2414 702 turtureS,
2453 632 2513 688 in
2547 632 2668 689 Ec-

550 730 739 795 clesia
784 733 1149 804 Israelitica,
1219 751 1374 809 quae
1429 740 1560 792 erat
1629 733 1903 791 Ecclesia
1963 731 2536 807 Repraesentativa,
2609 732 2672 789 in

550 851 728 893 usum
764 841 1035 894 sanctum
1072 842 1321 910 recepta
1359 836 1506 903 sint,
1556 838 1617 892 et
1665 851 1737 891 ex
1774 832 1893 891 illis
1929 833 2091 891 sacta
2128 831 2421 891 sacrificia
2461 839 2521 890 et
2553 832 2670 890 ho-

548 935 854 1009 locausta3
893 935 1441 1011 col-respondebant
1479 936 1634 992 enim
1666 936 1725 991 in
1762 932 1865 992 illo
1901 949 2018 991 usu
2044 931 2477 1008 spiritualibus,
2516 949 2676 1008 quae

548 1034 856 1095 intellecta
909 1040 1049 1093 sunt
1100 1038 1160 1093 in
1217 1034 1400 1094 Coelo
1457 1034 1790 1093 secundum
1841 1032 2421 1109 correspondentias.
2496 1032 2674 1108 Quod

547 1138 728 1196 etiam
768 1135 1048 1194 animalia
1084 1135 1415 1194 secundum
1453 1152 1567 1194 sua
1604 1151 1829 1209 genera
1876 1140 1935 1192 et
1985 1150 2131 1192 suas
2180 1135 2453 1208 specieS,
2524 1132 2673 1191 affe-

549 1239 779 1296 ctiones
827 1238 973 1307 sint,
1030 1243 1123 1295 est
1165 1239 1306 1312 quia
1350 1238 1585 1308 vivunt,
1653 1242 1714 1293 et
1757 1237 1880 1294 vita
1917 1237 2105 1292 cuivis
2143 1250 2262 1291 non
2302 1216 2539 1291 aliunde
2579 1239 2672 1289 est

551 1354 730 1413 quam
773 1355 846 1394 ex
884 1336 1195 1395 affectione
1236 1344 1295 1395 et
1331 1335 1659 1394 secundum
1700 1335 1893 1410 illam3
1949 1335 2086 1393 inde
2129 1340 2222 1391 est
2257 1333 2504 1392 cuilibet
2539 1335 2673 1390 ani·-

543 1436 685 1496 mali
727 1439 933 1494 innata
979 1438 1230 1494 scientia
1281 1436 1613 1494 secundum
1649 1438 1808 1494 vitae
1845 1452 1991 1493 suae
2031 1434 2435 1492 affectionem:
2491 1433 2668 1492 homo

549 1539 729 1595 etiam
763 1536 882 1595 illis
923 1535 1131 1593 similis
1171 1543 1264 1594 est
1301 1536 1501 1612 quoad
1536 1536 1874 1594 naturalem
1910 1552 2086 1594 suum
2114 1534 2445 1605 hominem,
2485 1550 2670 1609 quare

547 1638 724 1694 etiam
765 1643 1146 1711 comparatur
1192 1637 1310 1694 illis
1348 1638 1409 1694 in
1455 1639 1753 1695 communi
1793 1653 1908 1694 usu
1954 1635 2268 1711 loquendi,
2323 1643 2391 1692 ut
2425 1636 2478 1692 si
2511 1635 2669 1693 mitis

541 1742 790 1794 vocatur
820 1738 946 1794 ovis
985 1744 1089 1794 aut
1118 1754 1337 1811 agnus,
1392 1739 1443 1794 si
1478 1738 1643 1796 ferus
1680 1743 1932 1794 vocatur
1968 1753 2146 1794 ursus
2181 1752 2291 1794 seu
2337 1734 2515 1810 lupus
2535 1779 2550 1809 ,
2607 1738 2666 1792 si

542 1843 777 1894 astutus
814 1836 1031 1912 vulpes
1073 1844 1175 1895 aut
1211 1854 1496 1913 serpenS,
1539 1843 1599 1896 et
1629 1840 1717 1896 sic
1749 1853 1947 1912 porro,

702 1958 732 2013 1
754 1958 781 2012 1
804 1958 861 2014 1.
900 1953 1127 2013 Similis
1170 1956 1704 2032 correspondentia
1737 1962 1830 2014 est
1866 1973 1998 2012 cum
2028 1955 2146 2013 illis
2177 1972 2332 2031 quae
2363 1957 2424 2014 in
2457 1956 2669 2031 Regno

545 2054 868 2132 vegetabili
905 2063 1071 2113 sunt:
1128 2057 1356 2113 Hortus
1409 2058 1469 2113 in
1505 2073 1726 2131 genere
1778 2055 2209 2131 correspondet
2249 2054 2432 2115 Coelo
2473 2056 2672 2132 quoad

545 2155 999 2229 intelligentiam
1046 2162 1105 2212 et
1151 2158 1538 2230 sapientiam,
1597 2173 1783 2230 quare
1843 2154 2090 2214 Coelum
2140 2162 2391 2214 vocatur
2439 2157 2710 2229 Hortus

541 2254 661 2313 Dei
701 2262 759 2312 et
801 2254 1130 2312 Paradisus
1179 2252 1282 2335 (m)
1303 2300 1320 2329 ,
1378 2262 1440 2313 et
1477 2273 1717 2331 quoque
1756 2255 1830 2313 ab
1865 2254 2105 2314 homine
2150 2256 2476 2314 Paradisus
2525 2274 2667 2313 coe-

545 2355 734 2413 lestis.
815 2354 1081 2412 Arbores
1137 2356 1471 2413 secundum
1520 2373 1664 2414 suas
1720 2357 1958 2432 species
2008 2357 2476 2432 correspondent
2521 2374 2668 2432 per-

543 2455 919 2531 ceptionibus
977 2463 1035 2513 et
1073 2456 1511 2531 cognitionibus
1550 2457 1689 2514 boni
1732 2464 1791 2515 et
1835 2458 1990 2530 veri,
2049 2475 2122 2515 ex
2173 2456 2387 2531 quibus
2440 2456 2670 2515 intelli-

543 2557 743 2634 gentia
780 2565 840 2617 et
875 2557 1206 2634 sapientia3
1269 2559 1405 2616 ideo
1442 2559 1722 2635 Antiqui,
1784 2559 1884 2633 qui
1921 2560 1982 2617 in
2017 2560 2268 2617 scientia
2305 2575 2668 2634 correspon-

544 2658 877 2717 dentiarum
912 2665 1100 2733 erant,
1134 2658 1355 2717 cultum
1387 2676 1562 2717 suum
1593 2666 1862 2716 sanctum
1891 2662 1951 2718 in
1978 2659 2158 2717 Lucis
2187 2658 2529 2717 habuerunt
2558 2654 2669 2738 (n);

545 2812 845 2819 -.,..-»Μμ.,.-,.,
856 2812 907 2818 ..μ
917 2812 965 2818 ——

543 2896 672 2947 719,
721 2897 890 2946 2179.
946 2895 1114 2946 2180.
1163 2897 1326 2947 3519.
1366 2897 1545 2948 928οι
1623 2889 1972 2940 illustratum
2025 2906 2128 2959 per
2177 2889 2593 2961 experientiam
2635 2907 2669 2942 e

542 2962 758 3015 mundo
802 2959 1125 3033 spirituali,
1170 2982 1237 3015 u:
1283 2970 1451 3022 3218.
1492 2971 1657 3022 5198.
1700 2972 1867 3023 9090.
1949 2968 2034 3017 De
2070 2964 2285 3018 influxu
2322 2966 2520 3018 mundi
2552 2964 2666 3036 spi-

541 3037 769 3091 ritualis
810 3038 869 3090 in
918 3038 1065 3090 vitas
1124 3037 1475 3101 bestiarum,
1541 3057 1606 3090 n:
1667 3048 1835 3099 1633.
1895 3048 2063 3100 3646.
2147 3041 2319 3117 Quod
2369 3041 2554 3094 boves
2610 3051 2670 3094 ct

540 3113 770 3180 juvenci
817 3131 882 3165 cx
930 3115 1450 3184 correspondentia
1508 3115 1831 3185 significent
1872 3116 2212 3170 affectiones
2253 3118 2462 3170 mentis
2504 3127 2666 3169 natu·

538 3188 697 3252 ralis,
742 3207 808 3241 n:
852 3196 1019 3247 2180.
1056 3196 1225 3249 2566.
1260 3198 1426 3250 9391.
1466 3199 1674 3250 10132.
1713 3199 1920 3252 10407.
1987 3191 2136 3256 Quid
2176 3210 2337 3250 oves..
2381 3211 2449 3245 n:
2493 3200 2665 3253 4169.

538 3272 718 3324 4809:
764 3264 903 3336 quid
945 3265 1110 3335 agni,
1174 3283 1246 3319 n:
1302 3274 1469 3327 3994.
1521 3275 1730 3328 10132.
1775 3284 1780 3288 ·
1818 3268 1984 3332 Quod
2031 3268 2293 3321 volatilia
2344 3269 2671 3339 significent

540 3341 969 3402 intellectualia,
1014 3358 1083 3392 n:
1128 3349 1218 3401 40.
1260 3350 1386 3403 745.
1426 3350 1555 3402 776.
1598 3351 1727 3402 778.
1772 3353 1903 3405 866.
1936 3352 2064 3404 988.
2104 3353 2234 3404 993.
2278 3352 2445 3405 5149.
2483 3351 2666 3410 74413

542 3435 670 3469 curn
715 3418 996 3470 varietate
1037 3417 1350 3469 secundum
1380 3435 1584 3471 eorum
1628 3435 1838 3490 genera
1878 3431 1936 3473 et
1972 3420 2216 3490 speciem,
2258 3421 2331 3473 ab
2368 3420 2666 3491 experien-

543 3493 618 3545 tia
660 3509 692 3545 0
733 3492 948 3549 mundo
988 3493 1310 3563 spirituali,
1355 3511 1423 3545 n:
1469 3502 1635 3554 3219.

699 3588 808 3651 (m)
854 3587 1021 3653 Quod
1064 3591 1281 3641 Hortus
1320 3598 1377 3641 et
1430 3588 1739 3642 Paradisus
1782 3607 1850 3642 ex
1892 3589 2412 3659 cor-respondentia
2454 3588 2668 3659 signifi-

539 3671 672 3714 cent
715 3662 1157 3735 intelligentiam
1197 3675 1254 3718 ct
1296 3664 1671 3735 sapientiam,
1717 3682 1784 3716 n:
1830 3673 1961 3724 100.
1999 3674 2128 3725 108.
2170 3665 2242 3718 ab
2285 3664 2667 3736 expexientia‚

536 3755 606 3788 n:
651 3745 817 3797 3220.
954 3739 1070 3792 uod
1105 3740 1296 3793 omnia
1339 3757 1486 3813 quae
1523 3741 2017 3813 correspondent,
2063 3741 2232 3793 etiam
2264 3741 2459 3794 eadem
2494 3739 2667 3811 signi-

535 3812 708 3864 ficent
767 3814 824 3865 in
942 3815 1123 3878 erbe,
1206 3833 1276 3866 n:
1345 3822 1518 3875 2890.
1576 3824 1746 3875 2987.
1805 3824 1972 3875 2989.
2034 3824 2203 3895 2990.
2267 3825 2437 3876 2971.
2497 3822 2666 3875 3002·

541 3895 792 4028 3225·(n)
837 3964 1011 4040 Quod
1065 3965 1313 4017 arbores
1357 3965 1683 4035 significent
1725 3966 2137 4037 perceptiones
2179 3977 2236 4019 et
2276 3966 2666 4037 cognitiones,

538 4055 611 4089 πῖ
655 4045 784 4098 103.
820 4046 988 4098 2163.
1028 4046 1199 4099 2682.
1238 4047 1407 4099 2722.
1446 4048 1617 4100 2972.
1657 4050 1825 4101 7662.
1910 4040 2076 4105 Quod
2119 4041 2252 4094 ideo
2295 4040 2533 4112 Antiqui
2569 4040 2666 4100 Di·

538 4113 739 4165 vinum
792 4114 1009 4166 cultum
1058 4114 1115 4165 in
1158 4116 1329 4168 Lucis
1374 4115 1481 4168 sub
1523 4116 1837 4169 arboribus
1879 4116 2191 4170 secundum
2233 4133 2429 4178 earum
2471 4133 2667 4169 corre-

541 4188 914 4258 spondentias
959 4190 1288 4255 habuerint,
1332 4209 1400 4243 n:
1444 4199 1615 4252 2722.
1652 4199 1820 4254 4552.
1900 4193 1985 4246 De
2013 4192 2231 4246 influxu
2256 4191 2421 4246 Coeli
2447 4192 2508 4249 in
2535 4192 2668 4246 eub-

535 4264 684 4332 jecta
727 4265 908 4338 Regni
954 4266 1330 4338 vegetabilis,
1396 4277 1460 4322 ut
1500 4268 1561 4321 in
1602 4266 1843 4328 arbores
1887 4278 1944 4323 et
1982 4269 2235 4341 plantas,
2279 4286 2350 4322 n:
2397 4274 2566 4329 3648.

2325 4551 2354 4580 ο
2453 4555 2480 4574 ⁴
2571 4541 2596 4564 ⁴¹
