3013 5114
598 430 705 482 332
1207 416 1301 470 DE
1344 414 1582 470 COELO
1623 414 1718 469 ET
1758 412 2091 468 INFERNO.

596 585 660 639 et
712 578 845 636 dein
894 582 958 632 ut
1005 581 1165 632 amet
1198 573 1330 647 illa,
1390 581 1448 632 et
1487 592 1561 633 ex
1597 574 1867 653 jucundo
1914 576 2132 633 amoris
2183 576 2431 632 excuset
2480 572 2613 642 illa,
2668 578 2728 631 et

595 698 705 756 per
742 678 930 737 omnis
968 678 1204 751 generis
1242 675 1514 734 fallacias
1547 676 1884 749 confirmet,
1940 681 2000 733 et
2037 674 2197 733 dicat
2232 673 2490 733 licitaet
2527 674 2724 732 bona:

598 779 706 838 sed
759 778 872 836 hoc
921 776 985 834 fit
1034 776 1196 851 apud
1259 776 1429 850 illos,
1488 780 1589 852 qui
1630 779 1689 834 in
1745 775 2129 835 adolescente
2186 779 2386 833 aetate
2437 782 2615 832 ruunt
2665 775 2726 832 in

596 879 756 938 mala
803 880 960 936 sicut
998 877 1226 952 absque
1262 877 1506 947 fraeno,
1545 885 1605 937 et
1641 877 1817 935 simul
1856 883 1999 937 tunc
2035 894 2108 935 ex
2148 875 2327 935 corde
2368 875 2591 933 Divina
2624 891 2726 935 re-

587 982 817 1058 jiciunt.

762 1081 918 1139 534.
991 1078 1470 1155 Repraesentata
1520 1080 1662 1138 mihi
1718 1079 2017 1155 quondam
2070 1086 2163 1138 est
2210 1080 2309 1136 via
2359 1094 2512 1154 quae
2563 1076 2728 1137 ducit

603 1182 681 1240 ad
718 1182 980 1255 coelum,
1022 1188 1081 1237 et
1119 1197 1273 1257 qnae
1310 1180 1472 1240 ducit
1509 1181 1584 1240 ad
1620 1181 1950 1255 infernum3
2005 1181 2271 1239 erat-via
2306 1179 2429 1237 lata
2472 1178 2726 1237 tendens

600 1286 1007 1343 sinistrorsum
1038 1298 1145 1338 seu
1183 1296 1398 1339 versus
1429 1284 1928 1359 septentrionemg
1971 1280 2350 1358 apparebant
2383 1280 2552 1359 multi
2584 1279 2728 1357 Spi-

597 1387 748 1443 ritus
787 1386 888 1460 qui
925 1383 1087 1441 illam
1124 1381 1320 1456 ibant3
1378 1383 1485 1441 sed
1527 1383 1604 1441 ad
1645 1382 1986 1441 distantiam
2023 1384 2188 1440 visus
2227 1388 2319 1440 est
2354 1380 2539 1457 Lapis
2577 1383 2726 1439 satis

597 1502 878 1561 magnus,
918 1485 1018 1542 ubi
1056 1485 1151 1540 via
1187 1482 1314 1540 lata
1356 1483 1789 1542 terminabatur
1803 1504 1818 1558 3
1859 1501 1933 1542 ex
1974 1482 2075 1540 illo
2112 1481 2341 1558 Lapide
2387 1482 2522 1540 dein
2549 1482 2727 1540 binae

597 1587 734 1642 viae
781 1583 1054 1658 abibant,
1113 1599 1230 1640 una
1267 1583 1343 1639 ad
1387 1586 1725 1654 sinistrum,
1781 1592 1841 1642 et
1877 1602 1993 1642 una
2033 1601 2105 1640 ex
2134 1585 2413 1660 opposito
2456 1583 2534 1642 ad
2570 1582 2723 1641 dex-

599 1697 783 1760 trum3
840 1686 940 1743 via
986 1701 1140 1761 quae
1180 1682 1463 1743 tendebat
1502 1684 1580 1742 ad
1618 1686 1922 1744 sinistrum
1971 1691 2098 1743 erat
2137 1693 2397 1760 angusta
2431 1700 2540 1743 sou
2579 1684 2726 1742 stri-

598 1796 729 1859 cta,
782 1784 1009 1844 ducens
1059 1803 1169 1861 per
1211 1787 1581 1845 occidentem
1636 1785 1712 1843 ad
1760 1786 2099 1854 meridiem,
2173 1792 2232 1843 et
2282 1787 2370 1844 sic
2416 1787 2476 1843 in
2525 1784 2728 1844 lucem

600 1887 753 1947 coeli
769 1907 785 1963 3
848 1889 949 1944 via
991 1904 1145 1963 quae
1189 1886 1472 1946 tendebat
1515 1887 1589 1944 ad
1644 1886 1917 1945 dextrum
1971 1891 2100 1945 erat
2142 1885 2268 1943 lata
2329 1892 2390 1945 et
2431 1888 2725 1963 spatiosa,

600 1990 826 2047 ducens
877 1988 1115 2065 oblique
1168 1987 1448 2046 deorsum
1506 2004 1720 2048 versus
1783 1987 2098 2046 infernum.
2195 1985 2418 2046 Omnes
2469 1988 2728 2063 primum

600 2091 715 2148 visi
762 2096 902 2146 sunt
944 2088 1193 2146 eandem
1245 2092 1401 2146 viam
1452 2091 1574 2159 ire,
1631 2105 1823 2164 usque
1872 2087 1950 2145 ad
2000 2087 2293 2164 Lapidem
2336 2105 2616 2163 magnum
2666 2089 2730 2144 in

600 2189 791 2261 bivi0,
846 2189 952 2245 sed
995 2205 1126 2244 cum
1168 2187 1307 2247 illuc
1344 2196 1664 2259 venerunt,
1731 2190 1999 2265 separati
2035 2195 2200 2263 sunt,
2257 2188 2398 2248 boni
2436 2188 2726 2247 deflecte-

597 2289 741 2346 bant
772 2287 847 2344 ad
889 2289 1218 2355 sinistrum,
1256 2296 1315 2345 et
1352 2288 1655 2347 intrabant
1681 2292 1838 2346 viam
1870 2291 2134 2347 strictam
2175 2307 2329 2365 quae
2357 2289 2620 2349 ducebat
2647 2287 2727 2346 ad

599 2389 866 2463 coelum3
923 2394 984 2445 at
1038 2388 1175 2445 mali
1214 2406 1329 2447 non
1368 2388 1655 2448 videbant
1681 2389 1974 2466 Lapidem
2008 2392 2068 2448 in
2106 2390 2298 2462 bivio,
2335 2399 2396 2449 et
2430 2389 2732 2449 cadebant

598 2508 782 2567 super
826 2488 1026 2566 illum,
1077 2506 1147 2548 ac
1192 2488 1346 2548 laesi
1381 2499 1553 2566 sunt,
1611 2497 1671 2550 et
1707 2508 1840 2550 cum
1888 2490 2732 2568 surrexerint-percurrebant

602 2595 755 2651 viam
793 2591 974 2650 latam
1012 2590 1086 2648 ad
1130 2592 1435 2666 dextrum,
1482 2611 1637 2669 quae
1679 2591 1963 2651 tendebat
2003 2592 2081 2650 ad
2115 2594 2425 2653 infernum.
2503 2593 2732 2651 Postea

604 2693 968 2769 explicatum
1029 2697 1123 2751 est
1172 2692 1346 2765 mihi,
1433 2693 1575 2768 quid
1635 2695 1828 2752 omnia
1895 2692 2001 2752 illa
2052 2693 2493 2771 significabant3
2568 2691 2732 2769 quod

600 2811 814 2870 nempe
854 2811 963 2870 per
1006 2793 1165 2851 viam
1208 2796 1494 2869 primam,
1554 2813 1711 2870 quae
1759 2794 1910 2860 lata,
1977 2812 2156 2876 quam
2205 2794 2377 2853 multi
2417 2801 2538 2853 tam
2583 2792 2730 2856 boni

599 2912 776 2969 quam
806 2893 945 2952 mali
983 2893 1160 2951 simul
1200 2894 1383 2969 ibant,
1431 2902 1492 2953 et
1531 2894 2027 2971 colloquebantur
2061 2896 2216 2955 inter
2251 2911 2318 2954 se
2346 2897 2503 2954 sicut
2528 2894 2727 2969 amici,

601 2995 744 3070 quia
778 2993 1008 3051 nullum
1049 2992 1368 3053 discrimen
1396 2998 1552 3054 inter
1587 2996 1721 3054 illos
1751 2997 2085 3071 apparebat
2110 2996 2185 3054 ad
2212 2997 2436 3071 visum,
2477 3011 2731 3072 reprac-

598 3096 817 3153 sentati
860 3096 978 3150 sint
1030 3095 1132 3169 qui
1171 3097 1231 3152 in
1277 3098 1539 3155 externis
1581 3100 1815 3156 sincere
1874 3104 1934 3155 ct
1979 3098 2145 3173 juste
2186 3097 2461 3156 similiter
2495 3097 2727 3169 vivunt,

600 3199 660 3253 et
706 3195 808 3270 qui
859 3210 975 3250 non
1021 3192 1455 3269 dignoscuntur
1510 3197 1587 3255 ad
1626 3200 1853 3257 visum:
1928 3214 2040 3273 per
2082 3196 2377 3275 Lapidem
2424 3197 2570 3256 bivii
2614 3212 2729 3255 seu

599 3295 851 3372 Augu-li,
908 3296 968 3352 in
1004 3311 1180 3371 quem
1220 3299 1566 3356 ceciderunt
1603 3298 1779 3375 mali,
1817 3305 1878 3355 et
1907 3316 1943 3355 a
1981 3315 2097 3373 quo
2127 3298 2264 3356 dein
2292 3296 2731 3376 percurrebant

598 3400 758 3456 viam
816 3396 1129 3456 ducentem
1191 3398 1267 3456 ad
1322 3399 1652 3471 infernum,
1722 3405 2242 3473 repraesentatum
2293 3406 2387 3457 est
2439 3400 2728 3458 Divinum

601 3499 859 3571 Verum,
916 3496 1076 3574 quod
1124 3505 1382 3575 negatur
1432 3499 1508 3557 ab
1548 3498 1666 3557 illis
1711 3501 1811 3575 qui
1853 3508 2129 3576 spectant
2168 3499 2242 3557 ad
2292 3500 2616 3582 infernum,
2666 3498 2730 3555 in

600 3616 883 3674 supremo
927 3615 1110 3657 sensu
1163 3617 1272 3675 per
1322 3599 1576 3660 eundem
1624 3600 1916 3676 Lapidem
1956 3599 2401 3676 significabatur
2440 3600 2730 3658 Divinum

597 3698 939 3757 Humanum
966 3699 1236 3758 Domini:
1278 3703 1378 3777 qui
1406 3710 1605 3760 autem
1638 3701 2045 3777 agnoscebant
2072 3701 2356 3760 Divinum
2386 3702 2634 3774 Verum,
2666 3706 2730 3759 et

601 3798 778 3855 simul
805 3800 1087 3858 Divinum
1119 3800 1393 3878 Domini,
1450 3801 1535 3860 illi
1563 3802 1908 3864 ferebantur
1942 3820 2052 3879 per
2086 3805 2242 3861 viam
2277 3811 2430 3878 qnae
2468 3800 2731 3860 ducebat

601 3894 678 3953 ad
715 3897 965 3957 coelum.
1056 3900 1145 3958 Ex
1187 3902 1278 3960 his
1320 3904 1535 3960 iterum
1576 3906 1800 3981 patuit,
1859 3887 2015 3979 quod
2061 3902 2204 3960 mali
2239 3920 2432 3979 aeque
2477 3920 2547 3961 ac
2586 3900 2731 3961 boni

601 3994 854 4054 eandem
894 4001 1079 4056 vitam
1116 4007 1298 4077 agant
1332 4003 1393 4059 in
1436 4006 1735 4074 externis,
1787 4020 1894 4063 seu
1937 4002 2188 4072 eandem
2227 4006 2385 4061 viam
2424 4010 2592 4078 eant,
2639 4005 2728 4061 ita

600 4104 718 4154 tam
756 4095 934 4156 facile
973 4114 1130 4156 unus
1170 4117 1349 4175 quam
1377 4101 1568 4170 alter,
1605 4110 1666 4162 et
1701 4110 1900 4164 tamen
1938 4103 2096 4181 quod
2130 4103 2218 4162 illi
2254 4108 2358 4180 qui
2392 4111 2729 4182 agnoscunt

599 4198 882 4256 Divinum
929 4215 1001 4258 ex
1044 4199 1255 4275 corde,
1312 4202 1601 4276 imprimis
1639 4205 1797 4262 intra
1829 4205 2195 4280 Ecclesiam,
2255 4209 2355 4281 qui
2391 4209 2728 4283 agnoscunt

600 4299 890 4362 Divinum
932 4300 1192 4375 Domini,
1230 4301 1524 4361 ducantur
1562 4302 1637 4361 ad
1681 4304 1945 4382 coelum3
1992 4309 2180 4384 etqui
2216 4322 2332 4366 non
2372 4311 2724 4384 agnoscunt,
