3013 5114
458 389 553 443 DE
597 387 1148 444 CONJUNCTIONE
1193 390 1416 446 COELI
1459 389 1608 445 CUM
1646 390 1951 446 HUMANO
1997 391 2301 448 GENERE.
2386 405 2488 455 161

367 550 444 609 ab
483 565 604 607 una
641 555 815 624 parte
867 554 1077 624 agant,
1135 555 1195 607 et
1246 550 1489 624 spiritus
1530 566 1562 608 e
1601 548 1769 608 coelo
1816 548 1890 607 ab
1927 532 2152 627 altera,
2209 569 2280 612 ao
2316 553 2493 615 homo

368 654 448 710 sit
486 652 548 708 in
587 649 803 708 medio.
898 649 1226 709 Ostensum
1275 651 1454 708 etiam
1508 657 1631 726 est,
1687 650 1849 726 quod
1899 651 2151 728 homini,
2209 661 2497 730 quantum

369 770 445 811 ex
490 751 901 810 haereditario
941 757 1001 808 et
1035 750 1170 810 inde
1209 768 1409 830 exse,
1457 751 1623 809 nulla
1658 751 1997 829 vitajoret,
2042 756 2096 812 si
2132 772 2251 813 non
2285 755 2496 816 liceret

366 854 427 911 ei
460 855 520 910 in
557 850 715 910 malo
754 868 920 925 esse,
979 858 1041 910 et
1077 853 1314 929 quoqne
1354 852 1520 910 nulla
1568 854 1620 910 si
1667 869 1787 911 non
1829 854 1890 910 in
1924 852 2132 929 libero,
2169 861 2297 913 tum
2334 857 2497 932 quod

367 956 504 1030 cogi
537 971 655 1011 non
690 955 886 1029 possit
924 952 1011 1010 'ad
1044 952 1294 1027 bonum,
1353 959 1412 1012 et
1448 952 1608 1028 quod
1654 959 1926 1012 coactum
1984 971 2103 1013 non
2147 956 2460 1016 inhaereat
2474 978 2492 1033 3

298 1122 301 1135 .
371 1059 440 1112 ut
476 1065 535 1112 et
570 1052 728 1130 quod
763 1054 984 1118 honum
1022 1054 1180 1130 quod
1227 1055 1402 1112 homo
1457 1056 1673 1130 recipit
1724 1055 1785 1113 in
1833 1053 2050 1130 libero,
2109 1057 2495 1132 implantetur

372 1155 505 1232 ejus
541 1155 866 1229 voluntati,
924 1161 984 1213 et
1016 1155 1119 1213 fiat
1155 1158 1313 1214 sicut
1349 1155 1479 1232 ejus
1526 1157 1832 1231 proprium
1889 1150 1974 1235 (x)
1994 1176 2009 1230 3
2067 1162 2127 1214 et
2164 1157 2321 1232 quod
2355 1157 2493 1231 inde

373 1256 479 1330 sit,
538 1254 698 1333 quod
732 1255 955 1313 homini
990 1257 1067 1314 sit
1105 1258 1559 1315 communicatio
1599 1272 1744 1316 cum¹
1771 1256 2028 1331 Insern0‚
2072 1263 2131 1316 et
2166 1261 2495 1316 communi-

373 1336 697 1416 catio'cum
739 1355 942 1416 Coelo.

533 1459 696 1516 294.
756 1457 968 1532 Qualis
1011 1460 1464 1517 communicatio
1500 1456 1671 1517 Coeli
1708 1464 1801 1517 est
1836 1475 1971 1517 cum
2010 1457 2333 1535 Spiritibus
2380 1459 2491 1518 bo-

373 1561 464 1616 nis
476 1603 492 1632 ‚
548 1564 610 1617 et
647 1558 842 1633 qualis
887 1561 1338 1618 communicatio
1379 1559 1607 1618 Inferni
1643 1576 1776 1617 cum
1814 1559 2123 1636 spiritibus
2163 1558 2369 1635 malis,
2434 1566 2499 1619 et

372 1657 511 1716 inde
543 1659 735 1733 qualis
765 1666 860 1718 est
888 1661 1223 1736 conjunctio
1249 1659 1416 1719 Coeli
1455 1665 1516 1717 et
1543 1659 1768 1718 Inferni
1814 1676 1950 1718 cum
1983 1660 2255 1736 homine,
2314 1662 2496 1719 ctiam

375 1759 640 1818 dicetur:
696 1777 902 1818 omnes
941 1760 1229 1836 SpirituS,
1286 1763 1386 1836 qui
1421 1763 1483 1818 in
1510 1759 1734 1818 Mundo
1770 1763 2087 1836 spirituum
2124 1766 2292 1835 sunt,
2333 1778 2496 1820 com-

371 1861 832 1920 municat-ionem
869 1861 1094 1919 habent
1130 1877 1265 1919 cum
1304 1859 1487 1919 Coelo
1542 1866 1647 1918 aut
1684 1876 1815 1918 cum
1852 1859 2127 1934 Inserno‚
2184 1860 2326 1919 mali
2362 1879 2498 1921 cum

369 1960 611 2020 Inferno
652 1967 712 2020 et
746 1961 1058 2019 bonicum
1099 1960 1314 2020 Coelo:
1373 1960 1621 2020 Coelum
1656 1962 1715 2016 in
1754 1959 2090 2019 Societates
2141 1970 2236 2020 est
2284 1960 2495 2019 distin-

370 2068 560 2137 ctum,
629 2062 900 2120 similiter
947 2062 1279 2138 Infernum3
1334 2063 1748 2137 unusquisque
1800 2059 2059 2136 Spiritus
2107 2060 2184 2119 ad
2233 2061 2498 2138 aliquam

372 2161 735 2222 Societatem
776 2166 1072 2239 pertinet,
1133 2170 1193 2222 et
1227 2179 1464 2239 quoque
1501 2161 1775 2220 subsistit
1812 2179 1881 2220 ex
1921 2162 2146 2220 influxu
2180 2162 2347 2238 inde,
2415 2164 2500 2221 ita

370 2281 509 2323 cum
543 2262 651 2321 illa
685 2281 870 2321 unum
907 2267 1057 2339 agit:
1094 2264 1232 2322 inde
1271 2269 1391 2338 est,
1433 2262 1593 2340 quod
1620 2265 1776 2321 sicut
1801 2262 1978 2321 homo
2019 2269 2111 2322 est
2146 2264 2498 2340 conjunctus

372 2381 507 2423 cum
544 2364 873 2440 spiritibus,
912 2367 998 2421 ita
1033 2367 1111 2422 sit
1146 2366 1498 2441 conjunctus
1540 2381 1675 2422 cum
1714 2361 1898 2422 Coelo
1927 2370 2031 2420 aut
2066 2380 2200 2421 cum
2236 2363 2495 2438 InfernO,

373 2471 435 2524 ct
472 2464 713 2540 quidem
751 2482 884 2523 cum
922 2465 1026 2523 illa
1072 2468 1360 2524 societate
1399 2464 1513 2538 ibi,
1569 2467 1629 2522 in
1667 2481 1789 2544 qua
1826 2469 1917 2520 est
1954 2462 2152 2538 quoad
2198 2480 2369 2522 suam
2408 2465 2500 2521 af-

369 2568 688 2625 fectionem
741 2583 852 2625 seu
901 2566 1099 2641 quoad
1141 2584 1317 2626 suum
1372 2582 1667 2640 amorem3
1734 2581 1871 2622 nam
1915 2580 2119 2622 omnes
2173 2566 2497 2623 societates

371 2667 529 2727 coeli
575 2667 891 2725 distinctae
951 2674 1091 2726 sunt
1144 2666 1496 2727 secundum.
1528 2665 1872 2724 affectiones
1925 2663 2067 2723 boni
2121 2670 2181 2724 et
2226 2666 2381 2741 veri3
2440 2672 2500 2725 et
2599 2653 2610 2662 ”

373 2784 580 2827 omnes
637 2770 958 2827 societates
1002 2768 1228 2827 Inferni
1274 2767 1605 2827 secundum
1658 2764 2003 2825 affectiones
2049 2765 2291 2830 >maliet
2325 2765 2498 2826 falsi:

375 2869 452 2928 de
506 2867 908 2927 Societatibus
962 2870 1131 2929 Coeli
1175 2869 1450 2928 videatur
1499 2884 1685 2944 supra
1731 2885 1800 2925 n:
1857 2870 1941 2924 41
1982 2865 2059 2924 ad
2100 2867 2212 2941 45,
2255 2872 2377 2925 tum
2424 2885 2495 2926 n:

380 2972 515 3029 148
549 2969 627 3028 ad
663 2973 692 3027 l
714 2971 822 3029 51.

531 3090 693 3148 295.
747 3088 930 3147 Tales
967 3091 1213 3165 spiritus
1249 3089 1475 3147 homini
1510 3087 1775 3164 adjuncti
1811 3094 1965 3162 sunt,
2008 3089 2201 3165 qualis
2237 3090 2375 3164 ipse
2404 3095 2499 3148 est

373 3190 573 3265 quoad
614 3188 989 3280 affectionem
1035 3190 1134 3249 vel
1182 3188 1378 3267 quoad
1430 3206 1722 3265 amorem,
1795 3189 1904 3248 sed
1938 3189 2078 3247 boni
2133 3188 2393 3265 Spiritus
2444 3191 2499 3246 ei

690 3363 803 3374 0-

528 3460 615 3528 (x)
662 3458 827 3526 Quod
868 3476 1041 3513 omne
1076 3459 1329 3512 liberum
1374 3458 1448 3512 sit
1488 3459 1707 3511 amoris
1736 3469 1794 3511 et
1825 3456 2175 3520 affectionis,
2219 3456 2498 3527 quoniam

377 3536 538 3609 quod
579 3538 753 3589 homo
795 3547 947 3589 amat
990 3538 1098 3588 hoc
1142 3535 1330 3592 libere
1371 3534 1531 3598 facit,
1575 3552 1632 3587 n:
1678 3542 1848 3594 2870.
1895 3542 2063 3594 3158.
2108 3539 2279 3593 8987.
2324 3540 2494 3594 8990.

378 3619 551 3672 9585.
595 3621 765 3673 9591.
835 3613 982 3689 Quia
1026 3612 1277 3664 liberum
1321 3621 1408 3664 est
1446 3613 1681 3673 amori5‚
1728 3609 1885 3683 quod
1928 3611 2001 3663 sit
2041 3610 2196 3663 vitae
2239 3609 2382 3677 ejus,
2426 3628 2495 3661 n:

372 3697 545 3750 2873.
630 3688 801 3765 Quod
838 3690 983 3742 nihil
1023 3697 1302 3759 appareat
1342 3697 1406 3739 ut
1447 3685 1756 3759 proprium
1810 3684 1921 3737 nisi
1966 3684 2125 3757 quod
2167 3702 2236 3738 ex
2277 3684 2492 3751 libero,

371 3784 439 3818 n:
489 3772 657 3826 2880.
739 3766 908 3841 Quod
949 3765 1198 3818 liberum
1247 3764 1464 3816 homini
1514 3779 1639 3815 esse
1681 3761 1920 3824 debeat,
1975 3772 2039 3815 ut
2079 3761 2266 3834 possit
2297 3761 2497 3831 ,refor-

371 3843 551 3905 m8r3‚
596 3860 661 3893 ¹1³
710 3849 879 3901 1937.
909 3850 1078 3902 1947.
1110 3847 1277 3899 2876-
1310 3847 1478 3900 2881·
1509 3846 1679 3899 3145.
1710 3845 1880 3899 3146.
1918 3846 2087 3899 3158.
2122 3846 2289 3899 4031·
2323 3846 2494 3899 8700.

375 3915 541 3982 Quod
567 3917 833 3989 alioquin
860 3934 1024 3970 amor
1051 3916 1191 3969 boni
1232 3926 1289 3969 et
1323 3915 1447 3969 veri
1488 3934 1606 3968 non
1647 3916 1976 3987 implantari
2024 3916 2208 3986 possit
2248 3915 2495 3980 homini,

375 4003 434 4045 et
489 3994 861 4064 appropriari
916 4003 1269 4064 apparenter
1323 3992 1472 4044 sicut
1518 4009 1685 4054 sunm,
1750 4010 1819 4043 n:
1883 3999 2053 4052 2877.
2108 3999 2276 4051 2879.
2322 3997 2495 4051 2880.

374 4075 545 4129 2888.
590 4077 756 4129 8700.
839 4069 1007 4148 Quod
1052 4068 1194 4121 nihil
1232 4068 1620 4143 opniungatur
1647 4068 1865 4121 homini
1897 4068 2056 4141 quod
2082 4067 2147 4120 fit
2173 4086 2239 4121 ex
2267 4077 2494 4129 coact0‚

372 4162 441 4195 n:
487 4153 655 4204 2875.
699 4153 868 4205 8700.
913 4146 958 4198 si
1001 4147 1175 4198 homo
1205 4162 1272 4197 ex
1299 4155 1502 4197 coacto
1547 4144 1858 4197 reformari
1902 4155 2130 4215 posset,
2176 4142 2335 4215 quod
2376 4160 2495 4195 om·

372 4237 476 4274 nes
516 4221 1009 4286 reformarentur,
1072 4239 1139 4273 nt
1194 4228 1362 4281 2881.
1446 4219 1612 4284 Quod
1667 4231 1928 4273 coactum
1974 4220 2030 4271 in
2073 4217 2494 4271 reformatione
2568 4256 2578 4261 -

371 4296 448 4349 sit
489 4296 861 4362 damnosum,
908 4316 969 4349 n:
1015 4304 1183 4358 4031.
1229 4307 1406 4350 status
1449 4297 1635 4348 coacti
1679 4290 1933 4367 quinam,
1979 4312 2046 4345 n:
2092 4300 2261 4355 8392.

366 4429 369 4430 ⁷
473 4389 903 4443 Swadenborg,
938 4391 1006 4429 Do
1043 4389 1184 4431 Coelo
1217 4396 1261 4429 ot
1297 4388 1501 4429 Inserno.
2075 4381 2150 4433 ll

136 4779 151 4788 ..

382 4927 389 4932 ·
422 4933 483 4946 εν.
544 4935 547 4938 >
588 4927 623 4950 ,js
662 4923 721 4944 ηδ..
782 4937 783 4940 ,
856 4939 857 4942 ,
918 4935 941 4946 2,
990 4943 993 4944 ⁷
1042 4945 1049 4948 ⁷
1204 4947 1211 4952 Ι

366 4939 399 4970 ’.ᾖ
430 4939 725 4992 Qzfflffl’i.
768 4951 815 4992 θη.
848 4951 905 4992 2..
926 4961 973 4990 :''
1012 4977 1013 4980 ¹
1046 4965 1055 4988 ἶ
1094 4983 1099 4988 .
1126 4959 1239 4992 33⁸5*
1266 4953 1269 4956 Ι
