3013 5114
558 434 665 485 1323
1131 421 1221 474 nu
1265 419 1503 474 coELo
1546 419 1639 475 ET
1680 417 2010 474 INFERNO.
2065 398 2077 410 ‘

555 600 743 661 supra
793 599 863 639 n:
922 582 1080 639 260.
1127 583 1288 654 261,
1346 587 1546 642 actum
1605 587 1723 654 est,
1787 575 2035 639 sistatur
2081 580 2144 637 in
2188 577 2450 635 numeris
2502 577 2666 655 apud

557 683 802 761 angelos
868 681 1166 740 inferioris
1225 679 1420 755 Coeli,
1501 699 1634 740 cum
1685 682 1963 757 cogitatio
2020 697 2095 738 ex
2146 678 2254 737 illa
2302 676 2535 754 defluit3
2607 685 2667 768 et

557 783 716 862 quod
749 782 1071 842 numeralis
1108 777 1212 840 illa
1257 784 1557 858 scriptura
1592 782 1865 840 similiter
1903 779 2170 840 involvat
2207 795 2460 853 arcana,
2515 797 2666 856 quo-

556 903 689 944 rum
723 884 926 961 aliqua
963 901 1080 941 non
1110 883 1534 958 comprehendi
1561 885 1939 959 cogitatione,
1978 899 2088 940 nec
2127 881 2378 956 exprimi
2414 882 2663 940 vocibus

553 992 838 1063 possunt3
917 1002 1122 1043 omnes
1174 987 1328 1043 enim
1375 986 1607 1043 numeri
1655 983 2151 1058 correspondent,
2234 988 2293 1040 et
2334 981 2663 1041 secundum

555 1085 1145 1163 correspondentiam
1220 1086 1581 1164 significant,
1665 1101 1858 1160 aeque
1923 1101 1994 1143 ac
2056 1099 2236 1142 voces
2291 1078 2452 1164 (yy);
2529 1100 2663 1142 cum

558 1188 890 1247 differentia
918 1193 1147 1257 tamen,
1191 1187 1351 1262 quod
1384 1189 1614 1246 numeri
1649 1185 1958 1243 involvant
1993 1187 2344 1257 communia,
2387 1191 2445 1241 et
2479 1200 2662 1243 voces

556 1289 909 1366 singularia3
990 1294 1050 1345 et
1097 1289 1238 1363 quia
1279 1306 1461 1346 unum
1512 1303 1822 1346 commune
1879 1285 2130 1344 involvit
2175 1287 2488 1342 innumera
2534 1287 2660 1343 sin-

554 1389 821 1467 gularia,
885 1388 1022 1446 inde
1064 1395 1187 1459 est,
1254 1389 1414 1465 quod
1448 1388 1772 1446 numeralis
1811 1390 2109 1462 scriptura
2143 1385 2409 1444 involvat
2446 1402 2665 1444 arcana

553 1490 732 1567 plura
780 1505 958 1565 quam
1015 1488 1282 1548 literalis,
1362 1490 1451 1548 Ex
1494 1490 1588 1548 his
1640 1490 1835 1565 patuit
1878 1488 2056 1557 mihi,
2117 1486 2277 1562 quod
2326 1489 2554 1545 numeri
2602 1488 2665 1544 in

556 1590 760 1650 Verbo
799 1606 991 1666 aeque
1030 1587 1364 1666 significent
1410 1606 1510 1648 res
1548 1607 1619 1649 ac
1658 1607 1840 1648 voces
1880 1589 1995 1648 ibi:
2053 1589 2196 1665 quid
2234 1588 2466 1646 numeri
2513 1590 2661 1645 sim-

552 1691 777 1768 pliceS,
828 1696 894 1747 ut
927 1693 987 1748 2.
1033 1692 1093 1749 3.
1130 1693 1298 1750 4..5.
1346 1693 1404 1749 6.
1447 1696 1502 1749 7.
1553 1694 1611 1751 8.
1660 1693 1718 1750 9.
1768 1691 1874 1748 10.
1923 1693 2030 1762 12,
2074 1698 2135 1749 et
2171 1689 2314 1764 quid
2352 1689 2666 1763 compositi

562 1793 673 1850 20.
733 1792 840 1850 30.
898 1794 1005 1851 50.
1071 1792 1180 1849 70.
1245 1794 1404 1850 100.
1468 1794 1626 1850 144.
1689 1792 1899 1850 1000.
1959 1792 2219 1849 10000.
2281 1791 2542 1859 12000,
2606 1794 2666 1846 et

554 1891 762 1969 plures
798 1891 1163 1968 significant,
1227 1893 1420 1951 videri
1457 1899 1662 1968 potest
1709 1894 1771 1949 in
1811 1892 2062 1951 Arcanis
2100 1889 2495 1962 coelestibus-1,
2562 1889 2665 1947 ubi

555 1994 630 2052 de
682 1993 801 2051 illis
857 1999 1055 2052 actum
1095 2002 1205 2052 est.
1293 1993 1364 2052 In
1424 1996 1721 2069 scriptura
1778 1992 1883 2051 illa
1930 1995 1991 2050 in
2041 1991 2224 2051 Coelo
2275 1991 2665 2066 praeponitur

555 2111 797 2171 semper
824 2110 1129 2168 numeruS‚
1186 2111 1261 2152 ex
1300 2111 1415 2169 quo
1459 2101 1783 2168 sequentes
1815 2095 1876 2152 in
1904 2095 2063 2152 serie
2098 2092 2360 2169 pendent
2387 2098 2454 2149 ut
2482 2108 2519 2148 a
2553 2106 2664 2149 suo
2753 2124 2756 2127 π

554 2195 848 2270 subject0‚
901 2211 1036 2252 nam
1065 2194 1168 2251 ille
1197 2210 1482 2252 numerus
1523 2195 1815 2270 estiquasi
1850 2193 2030 2253 index
2065 2195 2153 2253 rei
2190 2193 2262 2251 de
2302 2209 2421 2268 qua
2446 2192 2660 2268 agitur,

512 2361 516 2367 .
556 2300 616 2355 et
653 2311 726 2352 ex
767 2310 884 2368 quo
921 2295 1302 2370 sequentium
1338 2312 1721 2353 numerorum
1762 2294 2175 2354 determinatio
2214 2300 2308 2353 est
2344 2292 2422 2350 ad
2450 2310 2574 2351 rem
2603 2294 2666 2351 in

553 2395 776 2472 specie.

711 2499 874 2556 264.
944 2495 1063 2572 Qui
1098 2513 1216 2555 non
1265 2499 1461 2556 sciunt
1512 2496 1736 2574 aliquid
1773 2497 1847 2557 de
1904 2496 2087 2556 Coelo
2102 2540 2119 2572 ,
2199 2503 2259 2556 et
2295 2513 2415 2554 non
2456 2493 2667 2553 volunt

552 2599 734 2658 aliam
776 2597 850 2657 de
876 2615 953 2658 eo
990 2598 1188 2657 ideam
1223 2599 1480 2669 habere,
1540 2617 1718 2675 quam
1753 2602 1910 2658 sicut
1958 2599 2031 2658 de
2075 2616 2226 2675 puro
2274 2596 2663 2672 atmosphae-

554 2702 678 2758 rico
692 2744 710 2774 ,
768 2702 827 2757 in
868 2717 984 2775 quo
1034 2700 1287 2757 volitant
1324 2700 1541 2777 Angeli
1579 2702 1734 2759 sicut
1779 2700 2011 2758 Mentes
2048 2698 2485 2758 intellectuales
2522 2697 2669 2756 abs-—

556 2816 673 2875 que
714 2816 899 2857 sensu
941 2800 1179 2857 auditus
1219 2807 1277 2857 et
1302 2803 1513 2874 visus,
1583 2800 1669 2858 illi
1711 2819 1829 2858 non
1867 2807 2119 2877 possunt
2157 2802 2457 2875 cogitare,
2505 2798 2669 2880 quod

554 2898 672 2957 illis
708 2898 950 2973 loquela
978 2905 1037 2957 et
1065 2902 1364 2975 scriptura
1391 2903 1509 2958 sint
1522 2921 1538 2975 3
1596 2903 1655 2959 in
1690 2901 1986 2959 materiali
2017 2904 2172 2959 enim
2209 2905 2438 2976 ponunt
2474 2900 2666 2958 omnis

553 3000 644 3057 rei
681 3000 1058 3056 existentiam
1072 3018 1089 3073 3
1163 3018 1295 3057 cum
1350 3008 1550 3059 tamen
1593 3001 1726 3075 illa,
1789 3020 1942 3077 quae
1993 3004 2050 3059 in
2090 3001 2274 3061 Coelo
2321 3006 2484 3073 sunt,
2542 3005 2667 3058 tam

553 3098 798 3157 realiter
833 3101 1112 3169 existunt,
1141 3118 1319 3176 quam
1349 3119 1503 3176 quae
1529 3103 1591 3159 in
1615 3102 1854 3171 mund0‚
1884 3109 1942 3160 et
1969 3102 2239 3178 Angelis,
2274 3104 2378 3178 qui
2402 3101 2504 3170 ibi,
2532 3117 2665 3181 om·

551 3200 654 3257 nia
678 3204 823 3257 sunt
851 3216 1005 3273 quae
1045 3190 1193 3259 usui¹
1219 3201 1297 3259 ad
1326 3203 1525 3278 vitam,
1574 3209 1634 3261 et
1662 3220 1815 3279 quae
1845 3205 1982 3263 usui
2009 3203 2086 3261 ad
2121 3205 2478 3280 sapientiam
2505 3206 2664 3260 sunt.

803 3361 930 3430 De
990 3360 1471 3461 Sapientia
1535 3363 2081 3460 Angelorum
2143 3362 2413 3435 Coeli.

718 3495 882 3554 265.
936 3493 1146 3570 Qualis
1182 3494 1493 3573 Sapientia
1526 3496 1894 3573 Angelorum
1932 3497 2101 3557 Coeli
2135 3502 2243 3569 est,
2283 3512 2463 3573 aegre
2499 3511 2669 3555 com-

553 3596 843 3674 prehendi
903 3602 1137 3672 potest,
1226 3599 1367 3673 quia
1415 3590 1785 3657 transcendit
1834 3599 2191 3674 sapientiam
2240 3596 2562 3655 humanam
2607 3597 2670 3655 in

708 3789 828 3858 (yy)
880 3787 1043 3854 Quod
1080 3806 1278 3843 omncs
1312 3789 1539 3842 numeri
1580 3789 1638 3841 in
1669 3788 1875 3854 Verbo
1912 3789 2235 3860 significent
2267 3807 2382 3852 res,
2427 3805 2494 3841 n:
2535 3796 2668 3851 482.

556 3870 685 3924 487.
731 3872 857 3924 647·
903 3873 1033 3925 648.
1078 3873 1208 3925 755.
1254 3873 1387 3925 813·
1434 3874 1599 3925 1963·
1645 3872 1811 3924 1988.
1866 3872 2034 3925 2075·
2077 3873 2243 3925 2252.
2290 3873 2455 3926 3252-
2498 3872 2670 3927 4264.

556 3946 727 3999 4670.
772 3949 938 3999 6175.
985 3947 1153 4000 9488.
1201 3949 1369 4000 9659.
1418 3949 1623 4000 10217.
1670 3949 1875 4001 10253.
1940 3942 2247 3993 Ostensum
2292 3960 2322 3995 e
2363 3942 2552 4004 coelo,
2595 3959 2667 3993 n:

557 4021 726 4075 4495.
772 4022 936 4075 5265.
1022 4015 1191 4092 Quod
1234 4017 1458 4068 numeri
1505 4017 1874 4087 multiplicati
1918 4017 2131 4069 similia
2174 4017 2499 4088 significent
2539 4035 2670 4071 cum

555 4090 812 4144 numeris
855 4090 1217 4161 simplicibus
1267 4108 1300 4144 a
1342 4091 1555 4162 quibus
1597 4109 1704 4164 per
1745 4093 2291 4164 multiplicationem
2334 4103 2669 4165 exsurgunt,

555 4185 622 4218 n:
669 4173 836 4226 5291.
882 4173 1053 4226 5335.
1101 4173 1269 4226 5708.
1315 4174 1482 4228 7973.
1565 4167 1736 4244 Quod
1777 4168 2165 4241 antiquissimi
2219 4168 2532 4222 habuerint
2581 4186 2669 4221 ar·

555 4258 695 4295 cana
747 4242 1020 4296 coelestia
1079 4242 1140 4293 in
1192 4243 1480 4307 numeris,
1560 4242 1722 4315 quasi
1779 4244 2130 4316 Computum
2175 4245 2669 4308 Ecclesiasticum‚

552 4337 620 4370 n:
668 4324 796 4380 575.
