3013 5114
564 378 635 430 64
1180 365 1274 418 DE
1316 363 1552 421 COELO
1593 363 1688 419 ΕΤ
1727 356 2060 419 INFER‘NO.

565 530 716 605 igni,
764 524 904 585 inde
940 527 1092 602 ignis
1134 526 1194 583 in
1230 525 1531 601 spirituali
1566 539 1752 584 sensu
1793 530 1885 583 est
1932 540 2127 593 amor,
2181 527 2240 581 et
2286 520 2508 581 bonum
2541 520 2683 582 fidei

563 625 991 702 correspondet
1042 626 1196 697 luci,
1283 631 1344 684 et
1400 642 1640 703 quoque
1694 624 1800 684 lux
1860 625 1923 682 in
1986 622 2286 700 spirituali
2348 638 2535 683 sensu
2588 628 2685 682 est

562 728 712 787 fides
769 723 877 808 (x).
965 724 1141 801 Quod
1196 732 1492 802 appareat
1547 732 1685 784 ante
1740 724 1976 799 oculo-³,
2035 730 2129 783 est
2183 726 2325 799 quia
2375 725 2679 798 interiora,

565 846 721 905 quae
772 833 909 886 sunt
961 829 1213 898 mentiS,
1265 843 1376 902 per
1412 826 1618 885 oculos
1671 825 1907 897 vident,
1962 842 2038 884 ex
2088 824 2246 883 bono
2300 825 2519 882 amoris
2571 841 2683 900 per

565 928 804 988 oculum
840 927 1142 997 dextrum,
1198 933 1256 986 et
1294 943 1367 985 ex
1402 927 1560 985 bono
1606 926 1747 985 fidei
1792 943 1903 1002 per
1939 925 2176 984 oculum
2214 925 2516 984 sinistrum
2560 919 2681 1004 (y);

565 1028 703 1088 nam
742 1003 1132 1105 omnia'quae
1172 1032 1313 1087 sunt
1348 1045 1384 1085 a
1425 1027 1637 1085 dextra
1673 1033 1845 1104 parte
1882 1025 2046 1102 apud
2072 1023 2389 1101 Angelum,
2429 1030 2492 1083 et
2527 1042 2680 1102 quo-

568 1147 685 1208 que
723 1128 884 1206 apud
920 1129 1252 1202 hominem,
1313 1128 1783 1204 correspondent
1835 1126 1991 1184 bono
2042 1143 2117 1185 ex
2169 1143 2286 1202 quo
2324 1143 2532 1184 verum
2549 1170 2565 1200 ,
2623 1130 2685 1184 e‘t

568 1247 721 1307 quae
760 1249 797 1287 a
832 1231 1074 1287 sinistra
1120 1245 1265 1287 vero
1308 1228 1471 1305 quod
1521 1245 1595 1286 ex
1644 1228 1801 1286 bono
1858 1224 1974 1307 (z);
2029 1227 2250 1286 bonum
2294 1224 2436 1286 fidei
2485 1231 2578 1284 est
2622 1227 2684 1284 in

565 1348 678 1391 sua
715 1331 980 1389 essentia
1015 1346 1221 1388 verum
1260 1346 1330 1388 ex
1364 1328 1541 1386 bono.

728 1432 886 1488 119.
940 1429 1089 1488 Inde
1128 1436 1252 1503 est,
1313 1429 1475 1512 quod
1511 1430 1573 1487 in
1607 1428 1810 1488 Verbo
1848 1427 2145 1488 Dominus
2184 1427 2385 1505 quoad
2420 1444 2686 1487 amorem

568 1536 948 1607 comparetur
1000 1528 1156 1604 Soli,
1224 1536 1283 1589 et
1335 1529 1533 1606 quoad
1584 1529 1760 1589 fidem
1813 1529 2057 1605 Lunae3
2118 1533 2179 1589 et
2229 1544 2467 1606 quoque
2523 1526 2684 1605 quod

568 1649 735 1690 amor
772 1648 808 1686 a
842 1630 1100 1688 Domino
1136 1631 1196 1687 in
1231 1631 1554 1689 Dominum
1592 1630 1960 1707 significetur
1995 1647 2106 1706 per
2147 1628 2379 1705 Solem,
2439 1635 2500 1688 et
2532 1627 2682 1688 fides

569 1749 604 1789 a
638 1730 894 1789 Domino
928 1732 988 1789 in
1014 1731 1335 1789 Dominum
1373 1730 1743 1807 significetur
1778 1748 1887 1808 per
1920 1729 2179 1806 Lunam3
2221 1736 2287 1788 ut
2321 1732 2381 1790 in
2420 1746 2683 1807 sequen-

566 1831 728 1890 tibus
767 1832 859 1890 his
890 1831 1060 1905 lociS,
1104 1830 1309 1906 „Erit
1348 1828 1467 1892 lux
1495 1828 1726 1892 Lunae
1763 1831 1929 1892 sicut
1974 1828 2093 1892 lum
2133 1827 2350 1902 Solis;
2403 1826 2523 1891 lux
2559 1848 2681 1890 au·

564 1937 690 1992 tem
716 1929 892 1993 Solis
919 1930 1043 1992 erit
1073 1929 1385 2012 septupla,
1417 1936 1488 1991 ut
1517 1928 1636 1992 lux
1665 1938 1897 2011 septem
1925 1929 2193 2007 dierum,
2206 1934 2245 1964 “
2273 1932 2433 2008 Esaj:
2471 1930 2682 1990 XXX:

575 2035 686 2091 26.
769 2031 1150 2110 ,‚Obte9am,
1206 2051 1350 2092 oum
1390 2030 1759 2093 exstinoeero
1790 2037 1863 2106 te,
1913 2028 2129 2106 coeloe,
2169 2035 2228 2091 et
2265 2031 2485 2092 atrabo
2525 2027 2680 2090 stel-

567 2130 669 2191 las
684 2151 712 2202 ,·
766 2129 977 2192 Solem
1009 2131 1164 2190 nube
1192 2132 1506 2211 obteyam,
1563 2137 1623 2191 et
1645 2130 1841 2192 Luna
1865 2150 1988 2191 ‘non
2031 2128 2233 2194 lucere
2253 2131 2460 2213 saciet
2486 2129 2698 2192 lucem*

566 2250 792 2302 ωαψς
836 2229 1050 2290 omnia
1087 2227 1442 2292 luminaria
1479 2228 1645 2292 lucis
1675 2231 1745 2291 z'n
1771 2229 1959 2291 coelis
1998 2233 2219 2293 atr-abo
2255 2251 2445 2312 super
2483 2237 2571 2306 te,
2624 2236 2688 2293 et

564 2331 725 2392 dabo
776 2331 1056 2392 tenebras
1110 2349 1300 2412 super
1345 2338 1519 2393 terra
1564 2335 1778 2407 tua,“
1847 2314 2098 2392 Ezeeh:⁷
2144 2333 2434 2393 XXXII:
2495 2338 2555 2392 7.
2619 2335 2682 2392 8.

572 2431 1030 2509 „obtenebrabo
1069 2429 1280 2493 Solem
1318 2431 1387 2493 in
1415 2438 1642 2494 exortu
1671 2451 1785 2493 suo
1803 2478 1821 2509 ,
1877 2437 1936 2491 et
1976 2432 2171 2495 Luna
2204 2452 2329 2495 non
2363 2430 2690 2513 splendere

556 2534 764 2615 faciet
806 2530 1003 2596 lucem
1046 2552 1254 2609 suam,
1267 2537 1303 2568 “
1355 2534 1532 2612 Esaj:
1573 2534 1756 2595 XIII:
1810 2537 1919 2595 10.
1981 2531 2143 2612 „Sol
2178 2541 2238 2596 et
2274 2532 2469 2597 Luna
2503 2539 2688 2597 atra-

883 2688 986 2699 -υι-

492 2835 495 2838 ,
573 2774 745 2826 4696.
884 2767 995 2818 uod
1044 2769 1323 2821 Dominus
1366 2779 1428 2822 ut
1469 2771 1570 2825 Sol
1613 2781 1891 2840 appareat
1926 2769 1997 2821 ad
2037 2768 2282 2822 mediam
2325 2766 2692 2821 altitudinem

575 2851 708 2894 ante
742 2857 851 2892 ocu
881 2859 974 2893 um
1022 2843 1319 2906 dextrum,
1382 2861 1446 2896 ac
1487 2856 1553 2898 ut
1590 2846 1747 2896 Luna
1789 2855 1920 2897 ante
1962 2846 2192 2897 oculum
2236 2844 2564 2908 sinistrum,
2589 2857 2590 2860 ’
2620 2861 2691 2897 n:

573 2924 741 2976 1053.
787 2923 952 2976 1521·
997 2925 1165 2976 1529.
1211 2927 1378 2978 1530.
1425 2928 1594 2980 1531.
1648 2927 1816 2980 3636.
1863 2928 2031 2981 3643.
2081 2928 2251 2983 4321.
2303 2928 2471 2979 5097.
2517 2927 2688 2980 7078.

571 2999 739 3051 7083.
797 3000 962 3051 7173.
1021 3001 1189 3054 7270.
1248 3003 1414 3055 8812.
1473 3004 1677 3056 10809.
1771 2996 1944 3073 Quod
1992 2998 2270 3049 Dominus
2311 2997 2469 3049 visus
2511 2996 2586 3049 sit
2625 3006 2692 3050 ut

571 3068 675 3121 Sol
727 3084 791 3118 ac
846 3077 907 3120 ut
958 3069 1151 3134 Luna,
1214 3088 1283 3124 n:
1340 3079 1506 3132 1531.
1565 3079 1733 3132 7173.
1814 3072 1984 3162 Quod
2027 3074 2223 3143 Ipsum
2258 3071 2530 3125 Divinum
2573 3073 2690 3124 Do·

573 3141 711 3195 mini
755 3142 829 3195 sit
871 3142 1041 3215 longe
1085 3163 1258 3217 supra
1292 3146 1569 3201 Divinum
1612 3149 1801 3219 Ipsius
1841 3166 1901 3200 ιη
1945 3147 2149 3213 Coele,
2191 3167 2256 3201 n:
2314 3156 2479 3209 7270.
2516 3155 2688 3209 8760.

724 3237 810 3305 (x)
867 3237 1039 3315 Quod
1092 3240 1245 3311 Ignis
1302 3240 1359 3293 in
1414 3241 1619 3294 Verbo
1675 3241 1958 3314 significet
2010 3260 2266 3297 amorem
2320 3243 2378 3296 in
2432 3253 2689 3315 utroquo

572 3329 778 3376 sensu,
841 3331 910 3366 n:
968 3321 1098 3376 934.
1142 3323 1311 3378 4906.
1367 3325 1535 3377 5215.
1617 3317 1788 3391 Quod
1851 3318 1997 3389 ignis
2049 3336 2212 3372 sacer
2265 3336 2365 3373 seu
2417 3318 2691 3372 coelestis

571 3390 853 3462 significet
891 3390 1166 3444 Divinum
1208 3395 1514 3458 Amorem,
1576 3413 1644 3446 n:
1690 3400 1817 3454 934.
1863 3401 2029 3455 6314.
2072 3403 2245 3457 6932.
2326 3395 2494 3471 Quod
2537 3394 2691 3466 ignis

578 3465 879 3520 infernalis
931 3485 1188 3520 amorem
1243 3469 1328 3521 sui
1383 3480 1440 3522 et
1479 3465 1709 3532 mundi,
1773 3479 1831 3523 et
1876 3487 2104 3523 omnem
2155 3471 2692 3542 concupiscentiam

570 3559 717 3614 quae
758 3553 844 3595 est
898 3542 1132 3596 illorum
1184 3561 1476 3609 amorum,
1534 3564 1602 3598 n:
1659 3553 1828 3606 1861.
1874 3554 2039 3607 5071.
2086 3553 2253 3608 6314.
2298 3554 2466 3607 6832.
2512 3553 2688 3607 7575.

572 3624 777 3678 10747.
840 3618 1011 3694 Quod
1052 3637 1216 3673 amor
1252 3621 1326 3673 sit
1355 3621 1502 3693 ignis
1543 3621 1719 3684 vitae,
1762 3631 1819 3675 et
1860 3622 2016 3694 quod
2060 3623 2182 3696 ipsa
2221 3622 2340 3675 vita
2382 3623 2691 3676 actualiter

569 3691 703 3746 inde
746 3694 851 3757 sit,
916 3712 981 3746 n:
1026 3703 1196 3761 4096.
1244 3704 1410 3757 5071.
1449 3705 1616 3757 6032.
1654 3705 1824 3758 6314.
1907 3697 2072 3763 Quod
2111 3701 2235 3751 Lux
2275 3699 2559 3770 significet
2590 3714 2692 3751 ve-

568 3785 719 3905 ξῑέἓὶὃ
739 3768 1006 3904 figgiss'tlm
1053 3781 1220 3831 3395.
1259 3780 1426 3833 3485·
1469 3782 1638 3834 3636.
1673 3781 1842 3834 3643.
1888 3782 2057 3834 3993.
2100 3782 2269 3835 4302.
2311 3782 2478 3836 4413·
2515 3780 2689 3835 4415·

719 3939 804 4007 (y)
861 3937 1028 4003 Quod
1059 3940 1217 3993 visus
1253 3939 1407 3992 oculi
1452 3941 1671 3995 sinistri
1720 3943 2179 4016 correspondeat
2217 3944 2375 3998 veris
2415 3944 2584 4008 fidei,
2629 3954 2693 4000 ct

567 4013 727 4086 quod
767 4013 924 4066 visus
964 4015 1118 4067 oculi
1154 4014 1338 4068 dextri
1378 4016 1551 4070 bonis
1587 4036 1821 4084 eorum,
1863 4036 1930 4072 n:
1975 4028 2142 4083 4410.
2187 4028 2354 4081 6923.

720 4108 802 4173 (z)
847 4106 1013 4172 Quod
1055 4125 1201 4181 quae
1242 4125 1273 4162 a
1316 4108 1519 4164 dextro
1573 4112 1755 4166 latere
1796 4114 2049 4167 hominis
2089 4126 2254 4179 sunt,
2324 4131 2384 4167 se
2425 4113 2690 4168 referant

564 4182 636 4237 ad
668 4183 886 4237 bonum
926 4200 995 4237 ex
1037 4202 1155 4257 quo
1198 4203 1421 4250 verum,
1465 4197 1523 4240 et
1564 4205 1710 4260 quae
1736 4206 1769 4241 a
1795 4188 2033 4244 sinistro
2060 4190 2135 4244 ad
2160 4207 2363 4245 verum
2406 4208 2473 4244 ex
2500 4190 2686 4257 bono,

567 4278 635 4313 ¹²²
680 4267 847 4322 9495.
891 4266 1061 4322 9604.
