3013 5114
874 427 968 479 DE
1013 425 1244 480 STATU
1288 426 1493 481 FAC-IS
1539 426 1609 478 IN
1656 425 1911 483 COELO.
2354 440 2459 491 157

330 592 546 649 simum
605 586 922 645 Ecclesiae
969 585 1578 663 Repraesentativum
1629 588 1766 663 fuit,
1842 606 1910 646 ac
1972 589 2107 647 ideo
2160 588 2458 650 Dominus

334 708 402 750 se
433 690 675 748 vocavit
710 687 1037 745 Dominum
1077 685 1394 762 Sabbathi‚
1433 687 1644 746 Matth:
1683 688 1826 748 X-II:
1875 692 1934 748 8.
1988 689 2173 749 Marc:
2214 689 2294 749 II:
2342 695 2455 750 27.

336 793 450 850 28.
507 790 666 848 Luc:
708 787 832 847 VI:
893 790 924 846 5
973 783 1080 868 (q)

498 892 660 949 288.
716 889 846 947 Pax
873 888 1060 947 -Coeli
1102 891 1241 965 quia
1280 895 1372 947 est
1399 889 1685 948 Divinum
1721 890 2087 950 beatitudine
2120 893 2325 951 intime
2364 893 2459 952 af·
2525 890 2530 893 ’

329 993 537 1053 ficiens
573 992 776 1067 ipsum
811 990 1033 1048 bonum
1073 989 1230 1064 quod
1268 990 1428 1065 apud
1463 990 1764 1067 AngeIOS,
1823 1009 1939 1048 non
1967 993 2131 1049 venit
2160 992 2235 1049 ad
2262 995 2458 1052 mani—

331 1084 549 1153 festam
587 1108 791 1151 eorum
810 1092 1304 1168 perceptionem,
1343 1092 1457 1149 nisi
1494 1110 1669 1167 quam
1711 1109 1821 1167 per
1848 1092 2287 1168 jucunditatem
2325 1111 2459 1153 cor-

335 1195 428 1253 dis
475 1211 607 1253 cum
649 1193 712 1250 in
751 1191 909 1250 bono
953 1208 1098 1248 suae
1150 1194 1307 1250 vitae
1349 1198 1516 1267 sunt,
1578 1200 1635 1250 et
1685 1210 1795 1269 per
1850 1194 2269 1252 amoenitatem
2324 1213 2461 1254 cum

334 1295 584 1354 audiunt
629 1310 838 1351 verum
880 1291 1246 1350 concordans
1283 1292 1437 1350 bono
1476 1310 1618 1367 su0,
1660 1311 1729 1352 ac
1757 1311 1867 1369 per
1892 1294 2248 1352 hilaritatem
2287 1312 2457 1353 men-

333 1400 410 1457 tis
459 1412 594 1455 cum
643 1394 985 1469 percipiunt
1017 1393 1506 1480 'conjunctionem
1556 1411 1791 1463 eorum,
1845 1395 1980 1453 inde
2031 1401 2230 1454 tamen
2269 1395 2461 1454 influit

329 1500 393 1573 in
446 1497 644 1556 omnia
695 1495 858 1557 vitae
902 1492 1141 1552 illorum
1190 1501 1322 1552 acta
1367 1501 1424 1553 et
1481 1498 1774 1572 cogitata,
1833 1503 1893 1554 et
1940 1495 2023 1554 ibi
2072 1497 2229 1554 sistit
2279 1513 2345 1556 se
2393 1504 2461 1555 ut

331 1597 643 1676 gaudium,
701 1598 880 1655 etiam
933 1596 993 1652 in
1045 1600 1292 1653 externa
1355 1597 1578 1671 specie.
1683 1595 1805 1656 Sed
1853 1598 1981 1655 Pax
2035 1597 2232 1673 quoad
2281 1614 2458 1656 suum

338 1697 518 1775 quale
549 1703 642 1774 „et
701 1702 988 1772 quantum
1056 1695 1249 1754 differt
1308 1699 1369 1754 in
1423 1695 1623 1763 Coelis
1676 1697 2002 1756 secundum
2057 1700 2460 1758 innocentiam

342 1815 552 1858 eorum
588 1798 690 1872 qui
735 1796 847 1872 ibi,
906 1798 1186 1873 quoniam
1221 1799 1558 1855 innocentia
1596 1803 1655 1854 et
1694 1815 1813 1874 pax
1850 1801 1980 1874 pari
2013 1816 2199 1874 passu
2238 1799 2452 1858 ambu-

339 1899 500 1973 lant,
554 1913 689 1956 nam
722 1903 787 1956 ut
829 1915 1015 1974 supra
1051 1897 1271 1956 dictum
1312 1903 1433 1966 est,
1483 1896 1836 1955 Innocentia
1874 1904 1964 1956 cst
2011 1915 2084 1956 ex
2128 1917 2247 1974 qua
2283 1917 2456 1959 omne

338 1999 559 2060 bonum
594 1998 774 2074 coeli,
814 2005 875 2059 et
909 2016 1027 2076 pax
1069 2015 1139 2056 ex
1177 2015 1294 2073 qua
1323 2015 1496 2056 omne
1527 1997 1859 2074 jucundum
1895 1998 2055 2056 illius
2096 1998 2267 2057 boni:
2320 2000 2459 2059 inde

244 2154 251 2157 ,
333 2106 625 2162 constare
654 2102 888 2177 potest,
952 2099 1111 2174 quod
1150 2100 1369 2158 similia
1418 2116 1575 2175 quae
1628 2098 1700 2157 de
1759 2106 1920 2157 statu
1955 2099 2341 2159 Innocentiae
2389 2103 2454 2159 in

337 2202 539 2264 Goelis
580 2203 642 2259 in
677 2201 975 2277 superiori
1010 2199 1281 2259 Articulo
1319 2201 1479 2259 dicta
1517 2207 1686 2275 sunt,
1746 2203 1922 2259 etiam
1962 2201 2033 2259 de
2071 2207 2233 2260 statu
2277 2202 2457 2262 Pacis

330 2304 428 2383 hic
468 2303 586 2407 ἁλσί
627 2307 880 2379 queant,
941 2303 1222 2379 quoniam
1262 2301 1613 2361 Innocentia
1655 2307 1714 2360 et
1748 2302 1877 2360 Pax
1914 2302 2269 2379 conjunctae
2316 2306 2460 2363 sunt

331 2407 487 2465 sicut
537 2401 764 2462 bonum
819 2408 879 2461 et
932 2403 1062 2479 ejus
1113 2402 1475 2478 jucundum,
1533 2403 1778 2462 'bonum
1833 2405 1987 2462 enim
2041 2406 2297 2472 sentitur
2346 2421 2459 2479 per

329 2522 504 2566 suum
533 2504 898 2584 jucundum,
954 2509 1014 2563 et
1040 2503 1375 2580 jucundum
1412 2505 1791 2579 cognoscitur
1827 2519 1900 2561 ex
1928 2518 2038 2562 suo
2074 2502 2258 2563 bono:
2315 2506 2457 2580 quia

329 2583 588 2680 itaest,
645 2611 844 2684 patet,
903 2605 1061 2681 quod
1095 2604 1314 2680 Angeli
1358 2605 1549 2663 intimi
1600 2620 1709 2663 seu
1764 2605 1925 2661 tertii
1973 2602 2126 2662 coeli
2164 2606 2224 2660 in
2273 2606 2452 2663 tertio

330 2724 449 2768 seu
474 2709 683 2767 intimo
722 2706 913 2784 gradu
955 2706 1124 2783 pacis
1163 2707 1311 2780 sint,
1372 2707 1514 2786 quia
1552 2707 1613 2763 in
1654 2705 1828 2763 tertio
1874 2721 1984 2763 seu
2023 2705 2226 2762 intimo
2262 2704 2457 2781 gradu

328 2810 704 2869 innocentiae
751 2812 921 2884 sunt;
979 2812 1039 2866 et
1076 2805 1236 2881 quod
1286 2806 1484 2883 angeli
1519 2804 1865 2863 inferiorum
1916 2804 2218 2865 coelorum
2245 2808 2305 2865 in
2341 2808 2455 2865 mi-

328 2919 475 2969 nore
512 2910 701 2987 gradu
727 2910 896 2986 pacis
926 2910 1071 2983 sint,
1103 2908 1271 2982 ,quia
1304 2910 1364 2965 in
1400 2909 1628 2966 minore
1664 2906 1855 2983 gradu
1894 2908 2303 2981 innocentiae,
2358 2908 2453 2966 vi-

322 3010 545 3071 deatur
590 3026 780 3087 supra
812 3025 882 3067 n:
940 3011 1102 3067 280.
1184 3007 1360 3083 Quod
1405 3008 1756 3067 Innocentia
1802 3013 1864 3066 et
1907 3008 2037 3066 Pax
2090 3009 2266 3068 simul
2314 3011 2449 3085 sint,

331 3114 492 3172 sicut
528 3112 753 3171 bonum
789 3115 850 3170 et
897 3110 1029 3187 ejus
1059 3109 1419 3186 jucundum,
1475 3109 1911 3186 videripotest
1959 3109 2121 3187 apud
2173 3111 2449 3185 infanteS,

330 3214 616 3289 quiquia
652 3213 713 3271 in
749 3211 1092 3270 innocentia
1141 3216 1282 3269 sunt
1333 3213 1513 3270 etiam
1560 3213 1620 3269 in
1667 3227 1819 3287 pace
1868 3217 2037 3286 sunt;
2096 3216 2156 3269 et
2208 3213 2349 3287 quia
2393 3213 2454 3269 in

327 3329 515 3391 pace,
559 3313 696 3372 ideo
736 3312 940 3372 omnia
980 3311 1144 3388 apud
1180 3311 1316 3371 illos
1350 3311 1539 3389 plena
1573 3311 1745 3370 lusus
1783 3317 1954 3387 sunt;
1994 3311 2104 3369 sed
2136 3328 2257 3386 pax
2294 3309 2457 3386 apud

326 3413 587 3474 infantes
625 3419 720 3473 est
765 3431 890 3491 pax
920 3418 1203 3487 externa,
1258 3429 1379 3489 pax
1417 3418 1619 3472 autem
1653 3413 1888 3471 interna
1924 3413 2080 3470 sicut
2115 3411 2455 3469 innocentia

358 3657 361 3658 ⁷
464 3663 576 3736 (q)
619 3662 795 3730 Quod
827 3662 1168 3717 sabbathum
1204 3662 1263 3715 in
1299 3677 1575 3734 supremo
1617 3677 1789 3713 sensu
1830 3659 2243 3732 significaverit
2281 3660 2454 3715 Unio·

327 3753 464 3795 nem
503 3739 695 3814 Ipsius
733 3737 933 3794 Divini
974 3755 1039 3791 ac
1082 3738 1279 3791 Divini
1323 3737 1572 3791 Humani
1615 3736 1674 3787 in
1719 3736 2000 3800 Domine,
2065 3736 2123 3787 in
2165 3754 2334 3790 sensu
2373 3737 2457 3791 in-

327 3825 501 3872 terno
543 3815 1015 3885 conjunctionem
1061 3813 1258 3867 Divini
1302 3813 1548 3866 Humani
1579 3812 1808 3864 Domini
1851 3830 1979 3864 cum
2011 3812 2203 3865 ¹Coelo
2245 3824 2459 3878 etcum

324 3892 625 3957 Ecclesia,
669 3891 732 3944 in
771 3908 986 3965 genere
1020 3885 1494 3957 conjunctionem
1529 3886 1672 3941 boni
1716 3897 1774 3940 et
1813 3888 1959 3951 veri,
2003 3888 2079 3941 ita
2123 3890 2457 3962 conjugium

329 3959 613 4033 coeleste,
675 3963 769 4019 1'12‘
811 3975 983 4029 8495,
1028 3973 1234 4026 10356.
1293 3972 1498 4025 10730.
1590 3963 1731 4017 Inde
1775 3964 1934 4037 quod
1974 3965 2152 4043 Quies
2194 3967 2289 4020 die
2332 3967 2457 4020 sab-

326 4043 958 4116 bathi.significavcrit
1010 4052 1216 4095 statum
1272 4041 1428 4093 illius
1482 4041 1758 4106 Unionis‚
1822 4041 1959 4113 quia
2011 4052 2145 4094 tunc
2203 4044 2457 4096 Domino

333 4117 525 4183 Quies,
569 4131 625 4173 et
659 4138 766 4192 per
795 4119 853 4172 id
885 4121 999 4171 Pax
1042 4128 1098 4171 et
1141 4117 1302 4169 Salus
1345 4117 1402 4168 in
1445 4118 1627 4171 coelis
1656 4127 1712 4171 et
1755 4118 1813 4170 in
1859 4117 2049 4182 terrie,
2096 4119 2245 4171 etin
2288 4136 2459 4172 sensu

328 4197 658 4266 respective
702 4195 1172 4264 conjunctionem
1227 4193 1457 4245 Domini
1513 4213 1641 4247 cum
1700 4194 1973 4258 homine,
2038 4194 2172 4265 quia
2224 4205 2360 4247 tunc
2402 4193 2458 4247 ei

329 4273 553 4410 fggssget
581 4272 787 4411 1⁵3³}ss
849 4289 917 4324 n:
980 4278 1147 4332 8494-
1202 4276 1371 4331 8510.
1428 4277 1639 4331 10360.
1704 4278 1912 4330 10367.
1979 4277 2182 4329 10370.
2247 4277 2456 4330 10374.
