3013 5114
961 434 1052 487 DE
1094 435 1518 492 INFANTIBUS
1562 439 1635 492 IN
1680 439 1941 498 COELO.
2398 460 2503 510 195

440 616 443 617 ⁷
537 596 700 654 344.
752 593 844 652 Ex
880 594 973 653 his
1013 612 1165 672 quae
1206 596 1391 656 allata
1424 605 1568 658 sunt
1603 607 1880 661 constare
1915 609 2137 678 potest,
2180 572 2373 680 qualis
2412 614 2506 669 est

378 695 659 755 educatio
706 694 1007 787 Infantum
1057 698 1122 756 in
1172 697 1393 769 Coelo,
1445 717 1664 776 nempe
1706 702 1866 778 quod
1904 721 2013 786 per
2047 704 2503 783 intelligentiam

376 797 504 856 veri
549 803 610 855 et
662 798 1018 873 sapientiam
1071 796 1214 857 boni
1270 800 1727 861 introducantur
1775 805 1836 862 in
1900 806 2081 863 vitam
2146 807 2499 884 angelicam,

363 3022 613 3075 mortem
663 3036 774 3094 pro
817 3018 1001 3095 plano
1057 3019 1289 3094 ultim0,
1357 3036 1491 3078 nam
1542 3022 1599 3078 in
1639 3021 1699 3079 id
1750 3023 2031 3098 cogitatio
2069 3021 2289 3082 influit:
2343 3021 2483 3082 inde

360 3123 484 3189 est,
539 3120 698 3195 quod
739 3120 916 3196 quale
967 3119 1025 3177 id
1064 3119 1304 3196 planum
1359 3128 1482 3197 est,
1554 3128 1613 3180 et
1664 3122 1923 3197 qualiter
1970 3122 2289 3197 rationale,
2344 3138 2484 3183 cum

354 3218 475 3278 illis
514 3238 671 3296 quae
709 3220 788 3279 ibi
829 3226 996 3294 sunt,
1039 3221 1490 3297 correspondet,
1534 3218 1672 3282 talis
1709 3231 1848 3299 post
1883 3230 2134 3283 mortem
2170 3224 2248 3282 sit
2280 3223 2476 3282 homo.

357 3318 628 3381 Infantes
665 3327 869 3380 autem
907 3322 1009 3397 qui
1048 3321 1304 3381 infantes
1347 3325 1564 3381 mortui
1599 3330 1763 3397 sunt,
1822 3332 1882 3382 et
1919 3324 2155 3382 educati
2191 3326 2252 3380 in
2288 3322 2477 3397 coelo,

358 3437 476 3479 non
530 3422 652 3482 tale
705 3421 950 3498 planum
1014 3411 1273 3494 habent,
1349 3423 1460 3483 sed
1512 3422 1759 3500 planum
1818 3424 2090 3482 naturale
2144 3421 2477 3500 spirituale,

358 3524 642 3596 quoniam
676 3523 823 3581 nihil
858 3522 1101 3581 trahunt
1141 3540 1179 3581 a
1213 3523 1511 3583 materiali
1547 3523 1763 3582 mundo
1792 3531 1852 3583 et
1894 3524 2167 3583 terrestri
2203 3537 2473 3598 corpore,

358 3628 727 3698 quapropter
763 3639 881 3681 non
907 3624 967 3682 in
1004 3631 1124 3683 tam
1163 3625 1384 3683 crassis
1421 3622 1835 3683 affectionibus
1878 3630 1938 3683 et
1974 3623 2114 3681 inde
2156 3623 2475 3698 cogitatio·

350 3720 529 3781 nibus
563 3729 823 3798 possunt
861 3740 995 3810 esse
1007 3744 1025 3801 ς
1068 3724 1311 3784 trahunt
1353 3728 1511 3783 enim
1553 3726 1752 3782 omnia
1779 3741 1851 3783 ex
1895 3723 2085 3783 coelo.
2153 3706 2481 3783 Praeterea

345 3821 620 3884 Infantes
664 3825 940 3900 ignorant
990 3826 1150 3905 quod
1201 3827 1325 3883 nati
1372 3828 1494 3885 sint
1541 3828 1603 3885 in
1658 3825 1907 3898 mundo,
1984 3842 2171 3902 quare
2213 3840 2281 3883 se
2338 3841 2476 3885 cre·-

351 3923 497 3984 dunt
532 3931 707 3985 natos
749 3926 808 3984 in
854 3927 1058 3989 coelo:
1095 3926 1254 3987 unde
1282 3943 1393 3986 nec
1421 3930 1621 3986 sciunt
1657 3926 1799 3989 auid
1826 3924 1944 3985 alia
1986 3928 2268 3986 nativitas
2301 3943 2480 3989 uuam
