3013 5114
582 430 688 480 100
1202 414 1296 468 DE
1339 413 1571 469 COELO
1616 411 1708 468 ET
1747 412 2079 467 INFERNO.

579 596 793 654 nempe
861 579 1001 653 quia
1065 574 1384 652 Templum
1445 573 1943 650 repraesentabat
1995 572 2278 631 Divinum
2349 569 2696 632 Humanum

578 680 819 739 Domini
833 698 849 754 3
903 677 1079 736 Nova
1114 675 1536 752 Hierosolyma
1572 674 1866 750 significat
1903 672 2270 747 Ecclesiam,
2322 688 2478 748 quae
2519 678 2694 748 post-

577 781 692 839 hac
732 778 1147 853 instauranda,
1205 776 1518 835 duodecim
1566 781 1776 851 portae
1812 792 1959 833 vera
2010 790 2163 849 quae
2202 773 2429 833 ducunt
2464 773 2542 831 ad
2580 772 2695 832 bo·

580 899 751 957 num3
809 886 868 939 et
901 878 1289 937 fundamenta
1324 894 1470 935 vera
1505 893 1693 952 super
1730 875 1941 952 quibus
1979 873 2247 932 fundatio
2286 874 2417 949 ejus
2454 868 2558 953 (a)

740 981 899 1039 188.
958 977 1200 1054 Angeli,
1261 996 1336 1036 ex
1373 978 1588 1053 quibus
1624 976 1899 1052 Regnum
1938 974 2217 1033 Coeleste
2254 974 2528 1045 Domini,
2576 973 2694 1034 ha-

580 1082 771 1140 bitant
807 1087 871 1138 ut
906 1079 1227 1155 plurimum
1263 1080 1323 1135 in
1374 1076 1723 1136 editioribus
1763 1076 1943 1149 lociS,
2013 1092 2168 1150 quae
2206 1081 2503 1151 apparent
2538 1076 2699 1133 sicut

580 1182 817 1242 Montes
856 1198 929 1239 ex
966 1180 1145 1237 humo
1158 1199 1173 1255 3
1230 1178 1474 1253 Angeli,
1533 1194 1607 1235 ex
1649 1178 1865 1253 quibus
1902 1177 2176 1252 Regnum
2214 1174 2525 1252 spirituale
2563 1176 2695 1235 Do·-

581 1285 755 1357 mini,
820 1281 1092 1339 habitant
1142 1282 1201 1338 in
1246 1280 1438 1336 minus
1497 1278 1671 1337 editis
1729 1278 1912 1351 lociS‚
1988 1294 2142 1353 quae
2200 1281 2494 1352 apparent
2543 1277 2700 1334 sicut

584 1382 818 1458 Colles3
873 1380 1091 1456 Angcli
1132 1385 1362 1451 autem,
1420 1381 1522 1454 qui
1556 1380 1617 1437 in
1651 1378 1866 1437 infimis
1908 1376 2090 1453 coeli,
2145 1377 2421 1435 habitant
2459 1378 2521 1434 in
2545 1375 2699 1435 locis

583 1500 735 1558 quae
774 1487 1069 1559 apparent
1104 1482 1259 1538 sicut
1309 1480 1526 1538 Petrae
1575 1498 1649 1538 ex
1689 1482 1882 1537 saxis:
1953 1479 2105 1537 haec
2146 1494 2382 1554 quoque
2433 1477 2700 1535 existunt

582 1602 655 1641 ex
694 1580 1252 1658 correspondentia3
1307 1597 1444 1637 nam
1499 1582 1786 1639 interiora
1837 1579 2306 1655 correspondent
2360 1578 2694 1654 superiori-

578 1683 725 1752 bus,
786 1688 846 1741 et
881 1683 1182 1741 exteriora
1223 1681 1607 1740 inferioribus
1658 1676 1777 1761 (b):
1845 1697 1918 1739 ex
1969 1696 2040 1738 eo
2079 1685 2200 1753 est,
2255 1678 2414 1754 quod
2460 1678 2700 1736 Montes

579 1784 638 1841 in
674 1782 878 1842 Verbo
916 1782 1247 1858 significent
1289 1798 1552 1839 amorem
1590 1779 1959 1855 Goelestem,
2014 1777 2215 1839 Colles
2255 1796 2517 1837 amorem
2565 1780 2695 1855 spi-

581 1885 886 1959 ritualem,
938 1890 999 1941 ct
1034 1884 1253 1941 Petrae
1292 1882 1469 1941 fidem
1510 1878 1609 1962 (c).

742 1986 900 2044 189.
955 1982 1106 2043 Sunt
1147 1985 1325 2042 etiam
1367 1982 1583 2059 Angeli
1633 1984 1734 2058 qui
1779 1999 1900 2040 non
1936 1983 2146 2040 vivunt
2183 1982 2540 2051 consociati,
2592 1979 2703 2038 sed

581 2087 880 2162 separati,
939 2085 1147 2142 domus
1188 2089 1247 2142 et
1291 2084 1528 2158 domus3
1584 2083 1645 2142 hi
1684 2082 1954 2141 habitant
1986 2083 2047 2140 in
2083 2082 2278 2150 medio
2313 2079 2512 2151 Coeli,
2562 2081 2704 2157 quia

581 2195 717 2244 sunt
765 2184 1132 2260 Angelorum
1171 2185 1396 2259 optimi.

740 2289 767 2342 1
790 2287 899 2343 90.
950 2283 1215 2353 Domus,
1248 2285 1310 2341 in
1347 2283 1562 2358 quibus
1599 2282 1817 2359 Angeli
1845 2283 2137 2357 habitant,
2178 2301 2296 2342 non
2336 2288 2701 2342 construun-

579 2394 674 2444 tur
710 2387 864 2444 sicut
902 2385 1111 2442 domus
1142 2386 1203 2441 in
1239 2384 1486 2459 mund0,
1536 2383 1647 2442 sed
1687 2384 1984 2442 donantur
2025 2384 2145 2442 illis
2183 2384 2368 2460 gratis
2407 2400 2443 2441 a
2480 2384 2699 2441 Domi-

576 2505 650 2546 no
664 2532 680 2564 ,
733 2488 946 2564 cuique
984 2485 1314 2544 secundum
1353 2485 1759 2562 receptionem
1800 2484 1941 2544 boni
1978 2490 2039 2543 et
2073 2487 2238 2543 veri:
2295 2483 2477 2562 paulo
2517 2486 2703 2543 etiam

745 2723 828 2788 (a)
898 2722 1067 2798 Quod
1119 2722 1524 2790 Hierosolyma
1583 2720 1865 2792 significet
1920 2722 2237 2774 Ecclesiam
2297 2721 2395 2774 ubi
2456 2721 2704 2792 genuina

584 2799 886 2860 doctrina,
944 2817 1011 2849 n:
1058 2806 1188 2858 402.
1229 2805 1397 2857 3654.
1443 2805 1611 2857 9166.
1694 2797 1865 2873 Quod
1901 2799 2109 2850 Portae
2151 2797 2475 2869 significent
2520 2798 2705 2850 intro-

583 2874 917 2926 ductionem
962 2873 1034 2925 ad
1084 2873 1406 2925 doctrinam
1445 2874 1758 2937 Ecclesiae,
1803 2884 1858 2926 et
1887 2891 2005 2944 ‚per
2042 2872 2366 2926 doctrinam
2409 2873 2465 2925 in
2509 2874 2704 2925 Eccle-

583 2951 754 3010 siam,
817 2967 884 3000 n:
942 2955 1108 3007 2943.
1168 2957 1336 3009 4478.
1431 2948 1891 3002 Fundamentum
1945 2949 2100 3020 quod
2157 2949 2440 3019 significet
2481 2951 2704 3002 Verum

584 3042 761 3096 super
802 3041 918 3095 quo
961 3022 1236 3076 fundatur
1277 3024 1552 3086 Coelum,
1597 3026 1887 3087 Ecclesia,
1933 3036 1989 3077 et
2028 3025 2338 3089 Doctrina,
2384 3043 2450 3077 n:
2496 3032 2665 3087 9643.

743 3099 837 3165 (b)
882 3097 1048 3162 Quod
1101 3100 1154 3151 in
1204 3100 1400 3154 Verbo
1458 3100 1739 3153 interiora
1781 3101 2179 3171 exprimantur
2220 3120 2327 3172 per
2379 3102 2706 3172 superiora,

586 3185 645 3229 et
689 3175 846 3246 quod
893 3175 1198 3246 superiora
1242 3175 1569 3247 significent
1610 3176 1921 3240 interiora,
1991 3195 2058 3229 n:
2105 3184 2273 3237 2148.
2301 3173 2489 3237 ‘3084.
2535 3185 2707 3238 4599.

590 3258 759 3312 5146.
800 3258 967 3311 8325.
1049 3249 1216 3316 Quod
1251 3253 1446 3304 Altum
1487 3252 1769 3322 significet
1817 3253 2139 3316 internum,
2185 3263 2243 3306 et
2283 3270 2518 3325 quoque
2561 3253 2706 3307 Coe-

585 3329 726 3393 lum,
770 3346 836 3379 ιι.
882 3335 1046 3388 1735.
1085 3336 1256 3389 2148.
1299 3336 1465 3388 4210.
1518 3337 1685 3388 4599.
1741 3337 1912 3388 8153.

743 3404 826 3470 (c)
890 3403 1055 3468 Quod
1108 3405 1166 3456 in
1218 3405 1400 3458 Coelo
1459 3415 1776 3475 appareant
1833 3407 2095 3466 MonteS,
2175 3404 2402 3468 Colles,
2478 3406 2708 3468 Petrae,

587 3479 801 3544 valles,
844 3489 1068 3543 terrae,
1114 3498 1355 3551 prorsus
1397 3480 1545 3532 sicut
1581 3480 1636 3531 in
1681 3479 1929 3540 mundo,
1987 3499 2054 3532 n:
2105 3487 2312 3540 10608.
2395 3479 2565 3557 Quod
2621 3498 2712 3533 su-

585 3573 696 3626 per
736 3557 1030 3609 montibus
1076 3557 1338 3610 habitent
1376 3556 1580 3627 Angeli
1624 3556 1724 3628 qui
1775 3556 1833 3608 in
1878 3555 2039 3608 bono
2084 3557 2332 3618 amoris,
2378 3573 2553 3626 super
2593 3557 2714 3608 col-

587 3631 742 3684 libus
783 3632 884 3703 qui
925 3633 984 3685 in
1025 3632 1182 3686 bono
1225 3632 1552 3695 charitati3‚
1624 3648 1799 3703 super
1858 3633 2041 3703 petris
2096 3632 2195 3703 qui
2251 3633 2310 3684 in
2348 3631 2508 3684 bono
2553 3632 2710 3697 fidei,

588 3723 656 3758 nt
701 3713 907 3766 10438.
965 3708 1135 3784 Quod
1178 3708 1309 3761 ideo
1336 3726 1443 3779 per
1485 3709 1714 3760 Montes
1758 3708 1816 3759 in
1854 3708 2055 3761 Verbo
2092 3707 2449 3779 significetur
2488 3707 2713 3760 bonum

588 3782 834 3846 amoris,
893 3800 960 3833 n:
1025 3791 1154 3843 795.
1210 3792 1376 3845 4210·
1433 3790 1599 3844 6435·
1644 3791 1810 3843 8327.
1857 3791 2515 3844 87581043810608-
2598 3785 2715 3835 Per

591 3856 787 3910 Colles
827 3857 1048 3910 bonum
1098 3860 1426 3922 charitatis,
1484 3878 1549 3911 n:
1593 3866 1763 3920 6435.
1804 3868 2010 3920 10438.
2093 3862 2207 3913 Per
2248 3861 2447 3912 Petras
2487 3860 2713 3912 bonum

592 3944 650 3986 et
706 3950 910 3985 verum
965 3933 1130 3998 fidei,
1201 3954 1268 3988 n:
1324 3941 1490 3994 8581.
1539 3943 1749 3996 10580.
1830 3934 1995 4000 Quod
2046 3935 2219 4007 Lapis
2272 3952 2341 3988 ex
2382 3952 2499 4006 quo
2542 3937 2716 3988 Petra

590 4007 859 4061 similiter
898 4007 1181 4079 significet·
1221 4028 1424 4063 verum
1464 4010 1621 4075 fidei,
1667 4029 1733 4064 n:
1779 4020 1911 4072 114.
1963 4019 2091 4073 643.
2130 4018 2295 4072 1298.
2338 4019 2508 4071 3720.
2541 4018 2715 4072 6426.

593 4091 763 4145 8609.
801 4091 1003 4142 10376.
1083 4085 1224 4138 lude
1266 4095 1352 4139 est
1392 4086 1548 4157 quod
1591 4105 1700 4157 per
1753 4088 1984 4142 Montes
2043 4087 2404 4160 significetur
2446 4087 2712 4152 Coelum,

592 4178 662 4212 n:
705 4167 874 4219 8327.
911 4167 1076 4219 8805.
1117 4168 1284 4220 9420.
1329 4160 1399 4213 Et
1433 4179 1541 4231 per
1582 4180 1855 4216 cacumen
1900 4164 2113 4217 montis
2156 4181 2490 4234 supremum
2520 4162 2711 4227 Coeli,

592 4254 660 4289 na
705 4243 870 4297 9422.
908 4244 1073 4297 9434.
1104 4245 1310 4298 10608.
1393 4235 1561 4303 Quod
1603 4238 1735 4291 ideo
1780 4239 2001 4312 antiqui
2046 4240 2265 4292 cultum
2314 4249 2572 4292 sanctum
2616 4239 2712 4291 ha-

593 4313 831 4366 buerint
865 4329 1040 4385 super
1075 4314 1404 4381 montibus,
1448 4331 1516 4366 n:
1563 4323 1693 4376 796.
1737 4323 1904 4375 2722.
