3013 5114
625 428 737 481 ‘274
1235 417 1331 470 DE
1374 415 1610 472 COELO
1654 415 1749 469 ET
1786 415 2130 471 INFERNO.
2216 420 2239 471 *T

627 582 780 639 teria
814 583 876 638 et
912 579 1326 636 scortationes
1424 575 1694 635 Fuerunt
1747 578 1847 652 qui
1884 573 2034 633 alios
2072 575 2301 634 artibus
2343 573 2515 634 malis
2558 574 2748 636 dece-

626 683 872 756 perunt,
942 686 1001 736 et
1054 680 1156 752 qui
1207 678 1387 737 furati
1443 682 1615 750 sunt,
1687 694 1894 736 eorum
1946 683 2114 734 astus
2170 683 2229 734 et
2275 677 2433 735 furta
2477 677 2540 735 in
2585 678 2751 736 serie

626 782 806 839 etiam
844 785 1191 837 enumerata
1217 783 1381 853 sunt,
1447 795 1698 853 quorum
1747 776 1924 854 plura
1954 778 2057 835 vix
2093 776 2198 835 ulli
2236 780 2299 834 in
2345 776 2564 835 mundo
2600 783 2753 836 nota.

625 882 890 954 fuerunt,
948 897 1130 956 quam
1153 864 1310 957 'ipsis
1345 881 1488 939 solis
1500 899 1518 955 3
1574 883 1944 955 agnoverunt
1981 880 2157 937 etiam
2188 876 2321 953 illa,
2373 880 2511 954 quia
2547 880 2747 938 mani-

623 983 844 1040 festata
883 983 1041 1040 sicut
1085 983 1147 1038 in
1181 980 1344 1055 luce,
1398 999 1533 1041 cum
1578 981 1735 1039 omni
1774 981 2162 1055 cogitatione,
2217 981 2574 1051 intentione,
2630 979 2743 1056 Ju-

621 1083 839 1157 cundo,
878 1085 1108 1154 timore,
1152 1099 1304 1158 quae
1343 1086 1483 1140 tunc
1522 1100 1640 1140 una
1676 1079 2000 1138 versabant
2036 1090 2243 1139 eorum
2278 1083 2522 1138 animos
2579 1080 2749 1141 Fue-

624 1160 764 1242 runt
800 1184 902 1259 qui
928 1201 1176 1242 munera
1211 1190 1603 1261 acceperunt,
1659 1188 1718 1241 et
1754 1189 2040 1256 quaestus
2079 1198 2153 1240 ex
2180 1181 2408 1259 judicio
2448 1181 2740 1257 fecerunt,

624 1285 712 1343 illi
747 1302 822 1343 ex
861 1286 1147 1342 memoria
1182 1300 1294 1342 sua
1322 1283 1595 1343 similiter
1632 1282 1927 1359 explorati
1963 1289 2135 1356 sunt,
2177 1288 2237 1341 et
2274 1299 2348 1340 ex
2383 1281 2488 1340 illa
2522 1299 2742 1342 recen-

625 1389 740 1444 sita
780 1392 917 1444 sunt
969 1387 1165 1443 omnia
1202 1402 1239 1442 a
1276 1387 1465 1461 primo
1518 1385 1836 1441 functionis
1895 1401 2102 1443 eorum
2149 1389 2417 1459 tempore
2467 1382 2544 1441 ad
2593 1383 2745 1441 ulti-

624 1504 783 1544 mum
797 1505 813 1561 ;
862 1486 1099 1560 singula
1136 1486 1336 1561 quoad
1376 1494 1664 1562 quantum
1703 1491 1760 1543 et
1800 1484 2009 1560 quale,
2068 1503 2200 1544 cum
2237 1493 2535 1560 tempore,
2574 1489 2750 1543 statu

623 1588 835 1645 mentis
875 1604 1080 1644 eorum
1122 1604 1193 1645 ac
1228 1588 1588 1658 intentione,
1637 1602 1792 1661 quae
1822 1578 2020 1644 o'mnia
2056 1584 2234 1645 simul
2273 1587 2335 1643 in
2369 1586 2747 1646 recordatio-

621 1704 754 1746 nem
795 1704 994 1746 eorum
1041 1690 1339 1762 immissa,
1403 1694 1464 1747 et
1502 1687 1581 1746 ad
1628 1689 1821 1746 visum
1861 1694 2105 1746 ostensa
2150 1692 2316 1760 sunt,
2376 1693 2748 1762 quaem-ant

621 1788 779 1846 ultra
813 1788 989 1864 plura
1027 1797 1308 1848 centena:
1364 1788 1477 1848 hoc
1521 1791 1744 1848 factum
1787 1794 1880 1847 est
1921 1804 2052 1847 cum
2092 1786 2420 1863 aliquibuS,
2481 1794 2541 1848 et
2577 1788 2747 1864 quod

621 1889 921 1964 mirabile,
977 1892 1095 1966 ipsi
1150 1908 1354 1950 eorum
1400 1891 1538 1950 libri
1581 1888 1986 1963 memorialeS‚
2047 1888 2260 1965 quibus
2304 1890 2749 1966 inscripserunt

619 1989 796 2066 talia,
854 1993 1048 2068 aperti
1087 1998 1323 2051 suntet
1373 2009 1574 2051 coram
1614 1990 1732 2049 illis
1779 1990 1920 2049 lecti
1969 2007 2006 2048 a
2051 1992 2274 2067 pagina
2311 1987 2388 2046 ad
2434 1991 2743 2067 paginam.

619 2093 915 2165 Fuerunt,
974 2093 1073 2167 qui
1109 2091 1490 2167 pellexerunt
1534 2094 1792 2167 virgines
1832 2092 1908 2150 ad
1943 2097 2182 2168 stupra,
2241 2098 2302 2149 et
2338 2092 2438 2167 qui
2484 2092 2740 2151 castita-

618 2201 735 2248 tem
776 2190 1098 2264 violarunt,
1158 2199 1218 2250 et
1262 2193 1338 2250 ad
1388 2191 1579 2250 simile
1608 2191 1898 2267 judicium
1938 2194 2136 2253 vocati
2176 2201 2342 2265 sunt,
2402 2198 2463 2251 et
2497 2209 2573 2251 ex
2606 2210 2747 2253 me-

616 2293 805 2349 moria
842 2308 1047 2349 eorum
1084 2292 1436 2369 deprompta
1473 2301 1528 2350 et
1571 2294 1824 2350 recitata
1859 2293 2126 2370 singula3
2180 2295 2352 2370 ipsae
2389 2292 2577 2354 facies
2613 2296 2746 2353 vir-

615 2392 816 2468 ginum
855 2398 915 2452 et
949 2391 1261 2452 mulierum
1303 2393 1671 2452 sistebantur
1708 2410 1946 2469 quoque
1984 2397 2140 2454 sicut
2173 2402 2558 2470 praesenteS,
2599 2413 2746 2458 cum

615 2494 795 2569 lociS,
850 2494 1140 2572 loquelis,
1200 2502 1258 2554 et
1294 2497 1538 2570 animiS,
1597 2501 1656 2552 et
1691 2494 1804 2554 hoc
1847 2503 1968 2554 tam
2005 2496 2205 2555 subito
2242 2498 2400 2554 sicut
2427 2513 2562 2555 cum
2591 2497 2745 2574 quid

621 2596 697 2654 ad
741 2598 933 2657 visum
984 2598 1239 2673 sistitur3
1293 2597 1646 2674 perstabant
1698 2597 2204 2657 manifestationes
2261 2598 2578 2674 aliquoties
2624 2617 2746 2676 per

613 2687 812 2756 horas.
894 2697 1062 2768 Fuit,
1100 2701 1200 2774 qui
1233 2701 1579 2775 vituperare
1609 2698 1758 2757 alios
1795 2716 1906 2777 pro
1949 2699 2130 2758 nihilo
2162 2702 2463 2776 reputavit
2475 2719 2491 2773 3
2531 2701 2742 2759 audivi

612 2801 943 2856 recensitas
980 2800 1037 2855 in
1076 2799 1279 2858 ordine
1324 2802 1829 2876 vituperationeS,
1880 2806 1940 2859 et
1976 2818 2214 2877 quoque
2254 2800 2734 2877 blasphematio-

611 2913 720 2955 nes
759 2898 890 2973 ejus
934 2914 1064 2955 cum
1102 2901 1251 2975 ipsis
1287 2900 1523 2974 verbis,
1565 2900 1638 2959 de
1677 2901 1894 2978 quibus
1925 2903 2229 2977 personiS‚
2271 2910 2331 2960 et
2367 2918 2567 2961 coram
2596 2903 2737 2978 qui-

612 2996 723 3053 bus
738 3017 755 3070 3
797 3014 950 3072 quae
977 3000 1173 3056 omnia
1199 3000 1689 3076 producebantur
1712 3008 1772 3061 et
1799 3003 1875 3061 ad
1902 3003 2101 3061 vivum
2130 3003 2499 3063 sistebantur
2526 3005 2705 3063 simul
2715 3025 2735 3081 3

612 3104 672 3154 et
710 3104 906 3155 tamen
942 3097 1180 3173 singula
1215 3100 1411 3159 studio
1450 3100 1753 3161 occultata
1787 3104 2025 3162 fuerunt
2060 3104 2135 3162 ab
2173 3104 2276 3164 illo
2321 3120 2454 3164 cum
2498 3106 2642 3163 vixit
2671 3107 2739 3165 in

610 3196 859 3257 mundo:
928 3198 1073 3257 Erat
1110 3199 1378 3276 quidam,
1428 3204 1531 3275 qui
1567 3201 1803 3262 affinem
1843 3204 2177 3283 deprivavit
2208 3204 2581 3265 haereditate
2618 3223 2739 3266 sua

613 3299 724 3358 sub
766 3307 1088 3376 praetextu
1138 3300 1374 3376 dolos03
1430 3302 1481 3358 is
1522 3320 1760 3378 quoque
1798 3306 2069 3365 similiter
2108 3309 2414 3366 convictus
2463 3312 2524 3366 et
2556 3287 2731 3384 judiss-

617 3408 789 3460 catus
823 3409 947 3477 est,
1005 3409 1064 3461 et
1100 3402 1257 3479 quod
1297 3405 1532 3475 mirum,
1573 3405 1864 3480 epistolae
1907 3414 1967 3465 et
1993 3407 2351 3483 schedulae,
2393 3425 2547 3484 quae
2574 3411 2735 3469 inter

617 3504 784 3575 illos,
838 3504 916 3562 ad
951 3504 1215 3563 auditum
1258 3522 1454 3564 meum
1480 3504 1674 3564 lectae
1711 3514 1880 3581 sunt,
1920 3514 1978 3567 et
2016 3509 2236 3568 dictum
2276 3509 2430 3586 quod
2467 3526 2586 3567 non
2612 3526 2733 3569 vox

612 3605 872 3664 deesset.
938 3604 1109 3665 Idem
1146 3624 1412 3685 quoque,
1448 3625 1585 3666 mox
1614 3614 1752 3666 ante
1782 3617 2030 3669 mortem
2066 3627 2238 3669 suam
2272 3612 2532 3669 vicinum
2560 3610 2736 3670 clan-

609 3703 839 3764 destine
878 3709 1113 3766 necavit
1148 3725 1409 3784 veneno,
1452 3709 1566 3768 hoc
1608 3727 1679 3769 eo
1717 3709 1892 3769 modo
1931 3710 2233 3771 detectum
2279 3717 2400 3788 est3
2455 3712 2568 3771 sub
2608 3730 2727 3792 pe-

515 3823 518 3824 ’
610 3803 781 3862 dibus
836 3809 1001 3865 visus
1053 3813 1146 3866 est
1184 3809 1456 3869 scrobem
1499 3810 1788 3885 effodere,
1850 3829 1924 3871 ex
1976 3830 2096 3889 qua
2149 3813 2370 3872 effossa
2409 3815 2591 3873 exivit
2634 3815 2731 3874 vir
2772 3815 2775 3816 ⁷

605 3905 763 3963 sicut
799 3923 831 3962 0
870 3908 1221 3980 sepulchre,
1281 3916 1339 3969 et
1380 3909 1664 3972 clamavit
1716 3912 1792 3970 ad
1843 3929 1981 3971 eum
2029 3912 2170 3989 quid
2204 3915 2400 3973 fecisti
2438 3915 2611 3990 mihi,
2669 3922 2736 3975 et

605 4011 748 4063 tunc
792 4006 1217 4065 revelabantur
1256 4012 1479 4085 omnia,
1551 4012 1846 4086 quomodo
1890 4014 2194 4074 veneficus
2237 4018 2429 4075 amice
2480 4034 2613 4075 cum
2653 4034 2729 4077 00

603 4104 888 4182 loquutus
926 4113 1047 4180 est,
1101 4113 1160 4165 et
1195 4111 1463 4183 porrexit
1496 4111 1814 4188 poculum,
1871 4121 1997 4174 tum
2034 4115 2176 4191 quid
2210 4118 2377 4192 prius
2421 4118 2727 4195 cogitavit,

607 4211 666 4265 et
703 4205 845 4284 quid
879 4215 1093 4283 postea
1130 4210 1357 4285 evenit3
1413 4210 1629 4286 quibus
1669 4213 1918 4273 detectis
1955 4216 2264 4293 judicatus
2294 4224 2387 4276 est
2422 4218 2499 4304 ad
2533 4217 2724 4278 infer-

603 4326 761 4368 num.
844 4306 1077 4386 Verbo,
1136 4312 1331 4370 omnia
1366 4312 1552 4388 mala,
1608 4313 1904 4392 facinora,
1944 4315 2287 4394 latrocinia,
2328 4326 2522 4396 artes,
2578 4319 2720 4395 doli,
2809 4341 2820 4350 ·
