<?xml version="1.0" encoding="UTF-8"?>
<!DOCTYPE html PUBLIC "-//W3C//DTD XHTML 1.0 Transitional//EN"
    "http://www.w3.org/TR/xhtml1/DTD/xhtml1-transitional.dtd">
<html xmlns="http://www.w3.org/1999/xhtml" xml:lang="en" lang="en">
 <head>
  <title>
</title>
<meta http-equiv="Content-Type" content="text/html;charset=utf-8" />
  <meta name='ocr-system' content='tesseract 3.04.00' />
  <meta name='ocr-capabilities' content='ocr_page ocr_carea ocr_par ocr_line ocrx_word'/>
</head>
<body>
  <div class='ocr_page' id='page_1' title='image "./decoeloetejusmi00tafegoog_0271.png"; bbox 0 0 3013 5114; ppageno 0'>
   <div class='ocr_carea' id='block_1_1' title="bbox 2370 413 2479 464">
    <p class='ocr_par' dir='ltr' id='par_1_1' title="bbox 2370 413 2479 464">
     <span class='ocr_line' id='line_1_1' title="bbox 2370 413 2479 464; baseline 0 0"><span class='ocrx_word' id='word_1_1' title='bbox 2370 413 2479 464; x_wconf 82' lang='grc'><strong>265</strong></span> 
     </span>
    </p>
   </div>
   <div class='ocr_carea' id='block_1_2' title="bbox 403 548 2379 726">
    <p class='ocr_par' dir='ltr' id='par_1_2' title="bbox 403 548 2379 726">
     <span class='ocr_line' id='line_1_2' title="bbox 403 548 2379 654; baseline -0.005 -31"><span class='ocrx_word' id='word_1_2' title='bbox 403 548 717 648; x_wconf 83' lang='lat' dir='ltr'><strong>·Q·uod</strong></span> <span class='ocrx_word' id='word_1_3' title='bbox 804 549 1063 620; x_wconf 90' lang='lat' dir='ltr'><strong>homo</strong></span> <span class='ocrx_word' id='word_1_4' title='bbox 1128 568 1338 650; x_wconf 88' lang='lat' dir='ltr'><strong>post</strong></span> <span class='ocrx_word' id='word_1_5' title='bbox 1411 570 1784 623; x_wconf 87' lang='lat' dir='ltr'><strong>mortem</strong></span> <span class='ocrx_word' id='word_1_6' title='bbox 1855 555 1980 624; x_wconf 86' lang='lat' dir='ltr'><strong>sit</strong></span> <span class='ocrx_word' id='word_1_7' title='bbox 2043 556 2127 625; x_wconf 89' lang='lat' dir='ltr'><strong>in</strong></span> <span class='ocrx_word' id='word_1_8' title='bbox 2190 582 2379 654; x_wconf 76' lang='lat' dir='ltr'><strong>per-</strong></span> 
     </span>
     <span class='ocr_line' id='line_1_3' title="bbox 899 650 1937 726; baseline -0.001 -6"><span class='ocrx_word' id='word_1_9' title='bbox 899 650 1141 722; x_wconf 85' lang='lat' dir='ltr'><strong>fecta</strong></span> <span class='ocrx_word' id='word_1_10' title='bbox 1212 652 1494 723; x_wconf 85' lang='lat' dir='ltr'><strong>forma</strong></span> <span class='ocrx_word' id='word_1_11' title='bbox 1548 653 1937 726; x_wconf 83' lang='lat' dir='ltr'><strong>humana.</strong></span> 
     </span>
    </p>
   </div>
   <div class='ocr_carea' id='block_1_3' title="bbox 305 783 2478 3992">
    <p class='ocr_par' dir='ltr' id='par_1_3' title="bbox 305 783 2478 3587">
     <span class='ocr_line' id='line_1_4' title="bbox 511 783 2478 867; baseline 0.005 -22"><span class='ocrx_word' id='word_1_12' title='bbox 511 786 678 845; x_wconf 82' lang='lat'><strong>453.</strong></span> <span class='ocrx_word' id='word_1_13' title='bbox 736 783 914 861; x_wconf 87' lang='lat' dir='ltr'><strong>Quod</strong></span> <span class='ocrx_word' id='word_1_14' title='bbox 940 785 1130 844; x_wconf 86' lang='lat' dir='ltr'><strong>forma</strong></span> <span class='ocrx_word' id='word_1_15' title='bbox 1156 789 1403 863; x_wconf 89' lang='lat' dir='ltr'><strong>spiritus</strong></span> <span class='ocrx_word' id='word_1_16' title='bbox 1428 788 1685 849; x_wconf 89' lang='lat' dir='ltr'><strong>hominis</strong></span> <span class='ocrx_word' id='word_1_17' title='bbox 1713 791 1792 849; x_wconf 90' lang='lat' dir='ltr'><strong>sit</strong></span> <span class='ocrx_word' id='word_1_18' title='bbox 1824 789 2016 849; x_wconf 83' lang='lat' dir='ltr'><strong>forma</strong></span> <span class='ocrx_word' id='word_1_19' title='bbox 2047 790 2327 867; x_wconf 83' lang='lat' dir='ltr'><strong>humana,</strong></span> <span class='ocrx_word' id='word_1_20' title='bbox 2365 810 2478 854; x_wconf 87' lang='lat' dir='ltr'><strong>seu</strong></span> 
     </span>
     <span class='ocr_line' id='line_1_5' title="bbox 354 886 2478 970; baseline 0.003 -22"><span class='ocrx_word' id='word_1_21' title='bbox 354 886 518 964; x_wconf 89' lang='lat' dir='ltr'><strong>quod</strong></span> <span class='ocrx_word' id='word_1_22' title='bbox 551 887 802 962; x_wconf 90' lang='lat' dir='ltr'><strong>spiritus</strong></span> <span class='ocrx_word' id='word_1_23' title='bbox 839 887 920 944; x_wconf 84' lang='lat' dir='ltr'><strong>sit</strong></span> <span class='ocrx_word' id='word_1_24' title='bbox 956 886 1133 946; x_wconf 89' lang='lat' dir='ltr'><strong>homo</strong></span> <span class='ocrx_word' id='word_1_25' title='bbox 1172 891 1350 947; x_wconf 88' lang='lat' dir='ltr'><strong>etiam</strong></span> <span class='ocrx_word' id='word_1_26' title='bbox 1387 888 1587 966; x_wconf 88' lang='lat' dir='ltr'><strong>quoad</strong></span> <span class='ocrx_word' id='word_1_27' title='bbox 1619 890 1902 966; x_wconf 83' lang='lat' dir='ltr'><strong>formam,</strong></span> <span class='ocrx_word' id='word_1_28' title='bbox 1959 898 2232 952; x_wconf 83' lang='lat' dir='ltr'>constare</span> <span class='ocrx_word' id='word_1_29' title='bbox 2274 902 2478 970; x_wconf 87' lang='lat' dir='ltr'><strong>potest</strong></span> 
     </span>
     <span class='ocr_line' id='line_1_6' title="bbox 354 987 2473 1069; baseline 0.003 -22"><span class='ocrx_word' id='word_1_30' title='bbox 354 1007 429 1048; x_wconf 83' lang='lat' dir='ltr'><strong>ex</strong></span> <span class='ocrx_word' id='word_1_31' title='bbox 467 987 623 1061; x_wconf 89' lang='lat' dir='ltr'><strong>illis,</strong></span> <span class='ocrx_word' id='word_1_32' title='bbox 682 1004 836 1062; x_wconf 89' lang='lat' dir='ltr'><strong>quae</strong></span> <span class='ocrx_word' id='word_1_33' title='bbox 873 989 934 1044; x_wconf 91' lang='lat' dir='ltr'><strong>in</strong></span> <span class='ocrx_word' id='word_1_34' title='bbox 968 987 1242 1064; x_wconf 90' lang='lat' dir='ltr'><strong>pluribus</strong></span> <span class='ocrx_word' id='word_1_35' title='bbox 1291 989 1579 1050; x_wconf 83' lang='lat' dir='ltr'><strong>Articulis</strong></span> <span class='ocrx_word' id='word_1_36' title='bbox 1616 1006 1805 1067; x_wconf 91' lang='lat' dir='ltr'><strong>supra</strong></span> <span class='ocrx_word' id='word_1_37' title='bbox 1853 998 2099 1052; x_wconf 87' lang='lat' dir='ltr'><strong>ostensa</strong></span> <span class='ocrx_word' id='word_1_38' title='bbox 2131 1002 2302 1069; x_wconf 89' lang='lat' dir='ltr'><strong>sunt,</strong></span> <span class='ocrx_word' id='word_1_39' title='bbox 2360 998 2473 1054; x_wconf 90' lang='lat' dir='ltr'><strong>im-</strong></span> 
     </span>
     <span class='ocr_line' id='line_1_7' title="bbox 354 1086 2476 1172; baseline 0.003 -24"><span class='ocrx_word' id='word_1_40' title='bbox 354 1091 562 1167; x_wconf 86' lang='lat' dir='ltr'><strong>primis</strong></span> <span class='ocrx_word' id='word_1_41' title='bbox 609 1090 670 1146; x_wconf 90' lang='lat' dir='ltr'><strong>in</strong></span> <span class='ocrx_word' id='word_1_42' title='bbox 719 1086 839 1146; x_wconf 90' lang='lat' dir='ltr'><strong>illis</strong></span> <span class='ocrx_word' id='word_1_43' title='bbox 883 1087 985 1147; x_wconf 93' lang='lat' dir='ltr'><strong>ubi</strong></span> <span class='ocrx_word' id='word_1_44' title='bbox 1021 1096 1329 1150; x_wconf 90' lang='lat' dir='ltr'><strong>ostensum</strong></span> <span class='ocrx_word' id='word_1_45' title='bbox 1368 1099 1492 1162; x_wconf 91' lang='lat' dir='ltr'><strong>est,</strong></span> <span class='ocrx_word' id='word_1_46' title='bbox 1546 1091 1709 1168; x_wconf 89' lang='lat' dir='ltr'><strong>quod</strong></span> <span class='ocrx_word' id='word_1_47' title='bbox 1746 1091 2172 1170; x_wconf 79' lang='lat' dir='ltr'><strong>Unusquisque</strong></span> <span class='ocrx_word' id='word_1_48' title='bbox 2206 1094 2476 1172; x_wconf 82' lang='lat' dir='ltr'><strong>Angelus</strong></span> 
     </span>
     <span class='ocr_line' id='line_1_8' title="bbox 352 1189 2474 1271; baseline 0.002 -21"><span class='ocrx_word' id='word_1_49' title='bbox 352 1193 432 1250; x_wconf 92' lang='lat' dir='ltr'><strong>sit</strong></span> <span class='ocrx_word' id='word_1_50' title='bbox 477 1191 540 1247; x_wconf 92' lang='lat' dir='ltr'><strong>in</strong></span> <span class='ocrx_word' id='word_1_51' title='bbox 582 1189 858 1264; x_wconf 83' lang='lat' dir='ltr'><strong>perfecta</strong></span> <span class='ocrx_word' id='word_1_52' title='bbox 898 1190 1091 1248; x_wconf 84' lang='lat' dir='ltr'><strong>forma</strong></span> <span class='ocrx_word' id='word_1_53' title='bbox 1129 1190 1392 1250; x_wconf 89' lang='lat' dir='ltr'><strong>humana</strong></span> <span class='ocrx_word' id='word_1_54' title='bbox 1443 1210 1510 1250; x_wconf 83' lang='lat' dir='ltr'><strong>n:</strong></span> <span class='ocrx_word' id='word_1_55' title='bbox 1568 1194 1653 1252; x_wconf 86' lang='lat'><strong>73</strong></span> <span class='ocrx_word' id='word_1_56' title='bbox 1695 1193 1772 1252; x_wconf 90' lang='lat' dir='ltr'><strong>ad</strong></span> <span class='ocrx_word' id='word_1_57' title='bbox 1816 1198 1846 1252; x_wconf 86' lang='grc'>7</span> <span class='ocrx_word' id='word_1_58' title='bbox 1867 1197 1896 1252; x_wconf 81' lang='grc'>7</span> <span class='ocrx_word' id='word_1_59' title='bbox 1920 1214 1936 1269; x_wconf 84' lang='lat'>3</span> <span class='ocrx_word' id='word_1_60' title='bbox 1995 1200 2055 1254; x_wconf 89' lang='lat' dir='ltr'><strong>et</strong></span> <span class='ocrx_word' id='word_1_61' title='bbox 2090 1193 2249 1271; x_wconf 90' lang='lat' dir='ltr'><strong>quod</strong></span> <span class='ocrx_word' id='word_1_62' title='bbox 2285 1214 2474 1255; x_wconf 89' lang='lat' dir='ltr'><strong>unus—</strong></span> 
     </span>
     <span class='ocr_line' id='line_1_9' title="bbox 353 1289 2478 1370; baseline 0.002 -20"><span class='ocrx_word' id='word_1_63' title='bbox 353 1293 605 1367; x_wconf 83' lang='lat' dir='ltr'><strong>quisque</strong></span> <span class='ocrx_word' id='word_1_64' title='bbox 658 1289 837 1348; x_wconf 90' lang='lat' dir='ltr'><strong>homo</strong></span> <span class='ocrx_word' id='word_1_65' title='bbox 894 1292 972 1349; x_wconf 91' lang='lat' dir='ltr'><strong>sit</strong></span> <span class='ocrx_word' id='word_1_66' title='bbox 1025 1293 1271 1367; x_wconf 88' lang='lat' dir='ltr'><strong>spiritus</strong></span> <span class='ocrx_word' id='word_1_67' title='bbox 1317 1293 1517 1370; x_wconf 88' lang='lat' dir='ltr'><strong>quoad</strong></span> <span class='ocrx_word' id='word_1_68' title='bbox 1559 1295 1844 1353; x_wconf 90' lang='lat' dir='ltr'><strong>interiora</strong></span> <span class='ocrx_word' id='word_1_69' title='bbox 1888 1310 2033 1365; x_wconf 90' lang='lat' dir='ltr'><strong>sua,</strong></span> <span class='ocrx_word' id='word_1_70' title='bbox 2084 1313 2153 1353; x_wconf 88' lang='lat' dir='ltr'><strong>n:</strong></span> <span class='ocrx_word' id='word_1_71' title='bbox 2218 1299 2357 1356; x_wconf 84' lang='lat'><strong>432</strong></span> <span class='ocrx_word' id='word_1_72' title='bbox 2401 1298 2478 1355; x_wconf 88' lang='lat' dir='ltr'><strong>ad</strong></span> 
     </span>
     <span class='ocr_line' id='line_1_10' title="bbox 354 1389 2473 1472; baseline 0.002 -21"><span class='ocrx_word' id='word_1_73' title='bbox 354 1395 531 1466; x_wconf 83' lang='lat'>4443</span> <span class='ocrx_word' id='word_1_74' title='bbox 596 1397 658 1449; x_wconf 91' lang='lat' dir='ltr'><strong>et</strong></span> <span class='ocrx_word' id='word_1_75' title='bbox 700 1389 862 1466; x_wconf 89' lang='lat' dir='ltr'><strong>quod</strong></span> <span class='ocrx_word' id='word_1_76' title='bbox 898 1390 1115 1468; x_wconf 88' lang='lat' dir='ltr'><strong>Angeli</strong></span> <span class='ocrx_word' id='word_1_77' title='bbox 1150 1395 1210 1451; x_wconf 91' lang='lat' dir='ltr'><strong>in</strong></span> <span class='ocrx_word' id='word_1_78' title='bbox 1247 1392 1431 1453; x_wconf 85' lang='lat' dir='ltr'><strong>Coelo</strong></span> <span class='ocrx_word' id='word_1_79' title='bbox 1480 1396 1599 1453; x_wconf 89' lang='lat' dir='ltr'><strong>sint</strong></span> <span class='ocrx_word' id='word_1_80' title='bbox 1653 1412 1728 1454; x_wconf 84' lang='lat' dir='ltr'><strong>ex</strong></span> <span class='ocrx_word' id='word_1_81' title='bbox 1773 1395 2051 1454; x_wconf 90' lang='lat' dir='ltr'><strong>Humano</strong></span> <span class='ocrx_word' id='word_1_82' title='bbox 2101 1413 2355 1472; x_wconf 85' lang='lat' dir='ltr'><strong>genere,</strong></span> <span class='ocrx_word' id='word_1_83' title='bbox 2404 1416 2473 1456; x_wconf 90' lang='lat' dir='ltr'><strong>n:</strong></span> 
     </span>
     <span class='ocr_line' id='line_1_11' title="bbox 357 1491 2476 1574; baseline 0.003 -23"><span class='ocrx_word' id='word_1_84' title='bbox 357 1495 438 1551; x_wconf 84' lang='lat'><strong>31</strong></span> <span class='ocrx_word' id='word_1_85' title='bbox 462 1496 488 1549; x_wconf 89' lang='lat'>1</span> <span class='ocrx_word' id='word_1_86' title='bbox 528 1491 608 1551; x_wconf 88' lang='lat' dir='ltr'><strong>ad</strong></span> <span class='ocrx_word' id='word_1_87' title='bbox 637 1494 717 1551; x_wconf 89' lang='lat'><strong>31</strong></span> <span class='ocrx_word' id='word_1_88' title='bbox 741 1495 797 1549; x_wconf 86' lang='grc'><strong>7.</strong></span> <span class='ocrx_word' id='word_1_89' title='bbox 841 1536 844 1543; x_wconf 88' lang='grc'><strong>.</strong></span> <span class='ocrx_word' id='word_1_90' title='bbox 876 1492 1008 1550; x_wconf 83' lang='lat' dir='ltr'><strong>Hoc</strong></span> <span class='ocrx_word' id='word_1_91' title='bbox 1046 1493 1242 1554; x_wconf 87' lang='lat' dir='ltr'><strong>adhuc</strong></span> <span class='ocrx_word' id='word_1_92' title='bbox 1278 1493 1498 1555; x_wconf 88' lang='lat' dir='ltr'><strong>clarius</strong></span> <span class='ocrx_word' id='word_1_93' title='bbox 1538 1513 1613 1555; x_wconf 81' lang='lat' dir='ltr'><strong>ex</strong></span> <span class='ocrx_word' id='word_1_94' title='bbox 1651 1513 1722 1556; x_wconf 89' lang='lat' dir='ltr'><strong>eo</strong></span> <span class='ocrx_word' id='word_1_95' title='bbox 1748 1502 1953 1572; x_wconf 92' lang='lat' dir='ltr'><strong>potest</strong></span> <span class='ocrx_word' id='word_1_96' title='bbox 1980 1499 2276 1573; x_wconf 84' lang='lat' dir='ltr'><strong>perspici,</strong></span> <span class='ocrx_word' id='word_1_97' title='bbox 2316 1499 2476 1574; x_wconf 89' lang='lat' dir='ltr'><strong>quod</strong></span> 
     </span>
     <span class='ocr_line' id='line_1_12' title="bbox 347 1590 2475 1674; baseline 0.002 -22"><span class='ocrx_word' id='word_1_98' title='bbox 347 1593 525 1652; x_wconf 87' lang='lat' dir='ltr'><strong>homo</strong></span> <span class='ocrx_word' id='word_1_99' title='bbox 563 1594 642 1650; x_wconf 88' lang='lat' dir='ltr'><strong>sit</strong></span> <span class='ocrx_word' id='word_1_100' title='bbox 689 1590 864 1651; x_wconf 87' lang='lat' dir='ltr'><strong>homo</strong></span> <span class='ocrx_word' id='word_1_101' title='bbox 921 1611 995 1652; x_wconf 86' lang='lat' dir='ltr'><strong>ex</strong></span> <span class='ocrx_word' id='word_1_102' title='bbox 1033 1611 1145 1653; x_wconf 86' lang='lat' dir='ltr'><strong>suo</strong></span> <span class='ocrx_word' id='word_1_103' title='bbox 1182 1597 1424 1672; x_wconf 86' lang='lat' dir='ltr'><strong>spiritu,</strong></span> <span class='ocrx_word' id='word_1_104' title='bbox 1484 1604 1547 1655; x_wconf 87' lang='lat' dir='ltr'><strong>et</strong></span> <span class='ocrx_word' id='word_1_105' title='bbox 1584 1613 1703 1656; x_wconf 88' lang='lat' dir='ltr'><strong>non</strong></span> <span class='ocrx_word' id='word_1_106' title='bbox 1757 1613 1832 1655; x_wconf 77' lang='lat' dir='ltr'><strong>ex</strong></span> <span class='ocrx_word' id='word_1_107' title='bbox 1874 1612 2157 1673; x_wconf 83' lang='lat' dir='ltr'><strong>corpore3</strong></span> <span class='ocrx_word' id='word_1_108' title='bbox 2215 1605 2274 1657; x_wconf 93' lang='lat' dir='ltr'><strong>et</strong></span> <span class='ocrx_word' id='word_1_109' title='bbox 2316 1598 2475 1674; x_wconf 81' lang='lat' dir='ltr'><strong>quod</strong></span> 
     </span>
     <span class='ocr_line' id='line_1_13' title="bbox 350 1693 2470 1775; baseline 0.002 -23"><span class='ocrx_word' id='word_1_110' title='bbox 350 1709 641 1770; x_wconf 90' lang='lat' dir='ltr'><strong>corporea</strong></span> <span class='ocrx_word' id='word_1_111' title='bbox 694 1693 884 1750; x_wconf 85' lang='lat' dir='ltr'><strong>forma</strong></span> <span class='ocrx_word' id='word_1_112' title='bbox 931 1697 1011 1752; x_wconf 87' lang='lat' dir='ltr'><strong>sit</strong></span> <span class='ocrx_word' id='word_1_113' title='bbox 1062 1695 1300 1772; x_wconf 78' lang='lat' dir='ltr'><strong>adJecta</strong></span> <span class='ocrx_word' id='word_1_114' title='bbox 1352 1698 1589 1772; x_wconf 88' lang='lat' dir='ltr'><strong>spiritui</strong></span> <span class='ocrx_word' id='word_1_115' title='bbox 1639 1695 1969 1757; x_wconf 88' lang='lat' dir='ltr'><strong>secundum</strong></span> <span class='ocrx_word' id='word_1_116' title='bbox 2021 1699 2154 1774; x_wconf 89' lang='lat' dir='ltr'><strong>ejus</strong></span> <span class='ocrx_word' id='word_1_117' title='bbox 2201 1698 2470 1775; x_wconf 85' lang='lat' dir='ltr'><strong>formam,</strong></span> 
     </span>
     <span class='ocr_line' id='line_1_14' title="bbox 348 1794 2471 1874; baseline 0.002 -20"><span class='ocrx_word' id='word_1_118' title='bbox 348 1802 410 1854; x_wconf 88' lang='lat' dir='ltr'><strong>ct</strong></span> <span class='ocrx_word' id='word_1_119' title='bbox 443 1812 560 1853; x_wconf 88' lang='lat' dir='ltr'><strong>non</strong></span> <span class='ocrx_word' id='word_1_120' title='bbox 597 1794 892 1867; x_wconf 86' lang='lat' dir='ltr'><strong>vicissim,</strong></span> <span class='ocrx_word' id='word_1_121' title='bbox 949 1812 1087 1852; x_wconf 88' lang='lat' dir='ltr'><strong>nam</strong></span> <span class='ocrx_word' id='word_1_122' title='bbox 1123 1799 1369 1873; x_wconf 90' lang='lat' dir='ltr'><strong>spiritus</strong></span> <span class='ocrx_word' id='word_1_123' title='bbox 1417 1796 1661 1856; x_wconf 88' lang='lat' dir='ltr'><strong>indutus</strong></span> <span class='ocrx_word' id='word_1_124' title='bbox 1713 1804 1806 1857; x_wconf 91' lang='lat' dir='ltr'><strong>est</strong></span> <span class='ocrx_word' id='word_1_125' title='bbox 1852 1814 2101 1874; x_wconf 86' lang='lat' dir='ltr'><strong>corpore</strong></span> <span class='ocrx_word' id='word_1_126' title='bbox 2139 1799 2471 1859; x_wconf 88' lang='lat' dir='ltr'><strong>secundum</strong></span> 
     </span>
     <span class='ocr_line' id='line_1_15' title="bbox 346 1881 2469 1976; baseline 0.001 -22"><span class='ocrx_word' id='word_1_127' title='bbox 346 1912 519 1955; x_wconf 89' lang='lat' dir='ltr'><strong>suam</strong></span> <span class='ocrx_word' id='word_1_128' title='bbox 559 1896 840 1967; x_wconf 83' lang='lat' dir='ltr'><strong>formam3</strong></span> <span class='ocrx_word' id='word_1_129' title='bbox 900 1903 1270 1972; x_wconf 89' lang='lat' dir='ltr'><strong>quapropter</strong></span> <span class='ocrx_word' id='word_1_130' title='bbox 1320 1898 1567 1973; x_wconf 86' lang='lat' dir='ltr'><strong>spiritus</strong></span> <span class='ocrx_word' id='word_1_131' title='bbox 1617 1897 1871 1957; x_wconf 90' lang='lat' dir='ltr'><strong>hominis</strong></span> <span class='ocrx_word' id='word_1_132' title='bbox 1925 1900 2050 1974; x_wconf 89' lang='lat' dir='ltr'><strong>agit</strong></span> <span class='ocrx_word' id='word_1_133' title='bbox 2078 1881 2157 1956; x_wconf 76' lang='lat' dir='ltr'><strong>‘in</strong></span> <span class='ocrx_word' id='word_1_134' title='bbox 2213 1899 2469 1976; x_wconf 83' lang='lat' dir='ltr'><strong>singula,</strong></span> 
     </span>
     <span class='ocr_line' id='line_1_16' title="bbox 344 1994 2472 2076; baseline 0.002 -21"><span class='ocrx_word' id='word_1_135' title='bbox 344 1999 465 2055; x_wconf 87' lang='lat' dir='ltr'><strong>imo</strong></span> <span class='ocrx_word' id='word_1_136' title='bbox 514 1998 573 2054; x_wconf 93' lang='lat' dir='ltr'><strong>in</strong></span> <span class='ocrx_word' id='word_1_137' title='bbox 626 1994 1102 2072; x_wconf 85' lang='lat' dir='ltr'><strong>singularissima</strong></span> <span class='ocrx_word' id='word_1_138' title='bbox 1159 1999 1464 2074; x_wconf 80' lang='lat' dir='ltr'><strong>corporiS,</strong></span> <span class='ocrx_word' id='word_1_139' title='bbox 1530 2014 1726 2074; x_wconf 89' lang='lat' dir='ltr'><strong>usque</strong></span> <span class='ocrx_word' id='word_1_140' title='bbox 1774 1998 1959 2071; x_wconf 91' lang='lat' dir='ltr'><strong>ade0‚</strong></span> <span class='ocrx_word' id='word_1_141' title='bbox 2015 2005 2083 2057; x_wconf 88' lang='lat' dir='ltr'><strong>ut</strong></span> <span class='ocrx_word' id='word_1_142' title='bbox 2128 2014 2271 2075; x_wconf 85' lang='lat' dir='ltr'><strong>pars</strong></span> <span class='ocrx_word' id='word_1_143' title='bbox 2318 2017 2472 2076; x_wconf 90' lang='lat' dir='ltr'><strong>quae</strong></span> 
     </span>
     <span class='ocr_line' id='line_1_17' title="bbox 342 2099 2470 2176; baseline 0.001 -20"><span class='ocrx_word' id='word_1_144' title='bbox 342 2115 464 2157; x_wconf 90' lang='lat' dir='ltr'><strong>non</strong></span> <span class='ocrx_word' id='word_1_145' title='bbox 492 2099 691 2174; x_wconf 87' lang='lat' dir='ltr'><strong>agitur</strong></span> <span class='ocrx_word' id='word_1_146' title='bbox 720 2113 755 2154; x_wconf 90' lang='lat' dir='ltr'><strong>a</strong></span> <span class='ocrx_word' id='word_1_147' title='bbox 792 2099 1044 2172; x_wconf 88' lang='lat' dir='ltr'><strong>spiritu,</strong></span> <span class='ocrx_word' id='word_1_148' title='bbox 1104 2115 1213 2157; x_wconf 91' lang='lat' dir='ltr'><strong>seu</strong></span> <span class='ocrx_word' id='word_1_149' title='bbox 1248 2100 1309 2157; x_wconf 89' lang='lat' dir='ltr'><strong>in</strong></span> <span class='ocrx_word' id='word_1_150' title='bbox 1347 2115 1466 2175; x_wconf 91' lang='lat' dir='ltr'><strong>qua</strong></span> <span class='ocrx_word' id='word_1_151' title='bbox 1500 2116 1619 2158; x_wconf 90' lang='lat' dir='ltr'><strong>non</strong></span> <span class='ocrx_word' id='word_1_152' title='bbox 1658 2105 1752 2159; x_wconf 92' lang='lat' dir='ltr'><strong>est</strong></span> <span class='ocrx_word' id='word_1_153' title='bbox 1794 2101 2043 2176; x_wconf 86' lang='lat' dir='ltr'><strong>spiritus</strong></span> <span class='ocrx_word' id='word_1_154' title='bbox 2079 2115 2300 2175; x_wconf 89' lang='lat' dir='ltr'><strong>agens,</strong></span> <span class='ocrx_word' id='word_1_155' title='bbox 2350 2118 2470 2159; x_wconf 91' lang='lat' dir='ltr'><strong>non</strong></span> 
     </span>
     <span class='ocr_line' id='line_1_18' title="bbox 342 2198 2472 2277; baseline 0.001 -20"><span class='ocrx_word' id='word_1_156' title='bbox 342 2201 543 2258; x_wconf 85' lang='lat' dir='ltr'><strong>vivat:</strong></span> <span class='ocrx_word' id='word_1_157' title='bbox 600 2198 759 2274; x_wconf 88' lang='lat' dir='ltr'><strong>quod</strong></span> <span class='ocrx_word' id='word_1_158' title='bbox 802 2198 886 2255; x_wconf 89' lang='lat' dir='ltr'><strong>ita</strong></span> <span class='ocrx_word' id='word_1_159' title='bbox 922 2199 1032 2269; x_wconf 90' lang='lat' dir='ltr'><strong>sit,</strong></span> <span class='ocrx_word' id='word_1_160' title='bbox 1091 2202 1343 2277; x_wconf 90' lang='lat' dir='ltr'><strong>quisque</strong></span> <span class='ocrx_word' id='word_1_161' title='bbox 1391 2206 1598 2275; x_wconf 88' lang='lat' dir='ltr'><strong>potest</strong></span> <span class='ocrx_word' id='word_1_162' title='bbox 1644 2203 1800 2260; x_wconf 89' lang='lat' dir='ltr'><strong>scire</strong></span> <span class='ocrx_word' id='word_1_163' title='bbox 1847 2218 1921 2260; x_wconf 82' lang='lat' dir='ltr'><strong>ex</strong></span> <span class='ocrx_word' id='word_1_164' title='bbox 1977 2216 2047 2259; x_wconf 92' lang='lat' dir='ltr'><strong>eo</strong></span> <span class='ocrx_word' id='word_1_165' title='bbox 2095 2199 2257 2269; x_wconf 92' lang='lat' dir='ltr'><strong>solo,</strong></span> <span class='ocrx_word' id='word_1_166' title='bbox 2310 2201 2472 2277; x_wconf 91' lang='lat' dir='ltr'><strong>quod</strong></span> 
     </span>
     <span class='ocr_line' id='line_1_19' title="bbox 344 2298 2467 2379; baseline 0 -21"><span class='ocrx_word' id='word_1_167' title='bbox 344 2301 625 2377; x_wconf 82' lang='lat' dir='ltr'><strong>cogitatio</strong></span> <span class='ocrx_word' id='word_1_168' title='bbox 665 2306 724 2358; x_wconf 88' lang='lat' dir='ltr'><strong>et</strong></span> <span class='ocrx_word' id='word_1_169' title='bbox 752 2298 1031 2359; x_wconf 85' lang='lat' dir='ltr'><strong>voluntas</strong></span> <span class='ocrx_word' id='word_1_170' title='bbox 1073 2308 1214 2377; x_wconf 85' lang='lat' dir='ltr'><strong>agat</strong></span> <span class='ocrx_word' id='word_1_171' title='bbox 1249 2302 1449 2361; x_wconf 90' lang='lat' dir='ltr'><strong>omnia</strong></span> <span class='ocrx_word' id='word_1_172' title='bbox 1485 2308 1546 2361; x_wconf 92' lang='lat' dir='ltr'><strong>et</strong></span> <span class='ocrx_word' id='word_1_173' title='bbox 1576 2301 1815 2379; x_wconf 87' lang='lat' dir='ltr'><strong>singula</strong></span> <span class='ocrx_word' id='word_1_174' title='bbox 1851 2303 2139 2377; x_wconf 89' lang='lat' dir='ltr'><strong>corporis,</strong></span> <span class='ocrx_word' id='word_1_175' title='bbox 2174 2302 2262 2359; x_wconf 87' lang='lat' dir='ltr'><strong>ita</strong></span> <span class='ocrx_word' id='word_1_176' title='bbox 2286 2318 2467 2378; x_wconf 90' lang='lat' dir='ltr'><strong>pror—</strong></span> 
     </span>
     <span class='ocr_line' id='line_1_20' title="bbox 343 2400 2470 2477; baseline 0 -17"><span class='ocrx_word' id='word_1_177' title='bbox 343 2417 451 2460; x_wconf 86' lang='lat' dir='ltr'><strong>sus</strong></span> <span class='ocrx_word' id='word_1_178' title='bbox 503 2400 579 2458; x_wconf 82' lang='lat' dir='ltr'><strong>ad</strong></span> <span class='ocrx_word' id='word_1_179' title='bbox 629 2416 806 2459; x_wconf 89' lang='lat' dir='ltr'><strong>suum</strong></span> <span class='ocrx_word' id='word_1_180' title='bbox 855 2408 1095 2476; x_wconf 84' lang='lat' dir='ltr'><strong>nutum,</strong></span> <span class='ocrx_word' id='word_1_181' title='bbox 1154 2409 1220 2460; x_wconf 95' lang='lat' dir='ltr'><strong>ut</strong></span> <span class='ocrx_word' id='word_1_182' title='bbox 1266 2401 1413 2461; x_wconf 89' lang='lat' dir='ltr'><strong>nihil</strong></span> <span class='ocrx_word' id='word_1_183' title='bbox 1456 2419 1576 2461; x_wconf 90' lang='lat' dir='ltr'><strong>non</strong></span> <span class='ocrx_word' id='word_1_184' title='bbox 1626 2409 1971 2475; x_wconf 81' lang='lat' dir='ltr'><strong>concurrat,</strong></span> <span class='ocrx_word' id='word_1_185' title='bbox 2034 2408 2094 2460; x_wconf 92' lang='lat' dir='ltr'><strong>et</strong></span> <span class='ocrx_word' id='word_1_186' title='bbox 2144 2401 2303 2477; x_wconf 89' lang='lat' dir='ltr'><strong>quod</strong></span> <span class='ocrx_word' id='word_1_187' title='bbox 2352 2419 2470 2460; x_wconf 89' lang='lat' dir='ltr'><strong>non</strong></span> 
     </span>
     <span class='ocr_line' id='line_1_21' title="bbox 346 2502 2474 2580; baseline -0 -18"><span class='ocrx_word' id='word_1_188' title='bbox 346 2502 644 2562; x_wconf 87' lang='lat' dir='ltr'><strong>concurrit</strong></span> <span class='ocrx_word' id='word_1_189' title='bbox 691 2517 808 2560; x_wconf 93' lang='lat' dir='ltr'><strong>non</strong></span> <span class='ocrx_word' id='word_1_190' title='bbox 852 2503 930 2561; x_wconf 89' lang='lat' dir='ltr'><strong>sit</strong></span> <span class='ocrx_word' id='word_1_191' title='bbox 977 2518 1123 2580; x_wconf 87' lang='lat' dir='ltr'><strong>pars</strong></span> <span class='ocrx_word' id='word_1_192' title='bbox 1170 2504 1470 2579; x_wconf 74' lang='lat' dir='ltr'><strong>corporiS,</strong></span> <span class='ocrx_word' id='word_1_193' title='bbox 1543 2503 1778 2580; x_wconf 86' lang='lat' dir='ltr'><strong>ejicitur</strong></span> <span class='ocrx_word' id='word_1_194' title='bbox 1828 2503 2007 2561; x_wconf 89' lang='lat' dir='ltr'><strong>etiam</strong></span> <span class='ocrx_word' id='word_1_195' title='bbox 2058 2503 2215 2560; x_wconf 87' lang='lat' dir='ltr'><strong>sicut</strong></span> <span class='ocrx_word' id='word_1_196' title='bbox 2258 2503 2318 2559; x_wconf 90' lang='lat' dir='ltr'><strong>in</strong></span> <span class='ocrx_word' id='word_1_197' title='bbox 2356 2519 2474 2578; x_wconf 90' lang='lat' dir='ltr'><strong>qua</strong></span> 
     </span>
     <span class='ocr_line' id='line_1_22' title="bbox 343 2600 2474 2681; baseline 0.001 -21"><span class='ocrx_word' id='word_1_198' title='bbox 343 2619 470 2662; x_wconf 84' lang='lat' dir='ltr'><strong>non·</strong></span> <span class='ocrx_word' id='word_1_199' title='bbox 516 2604 747 2679; x_wconf 83' lang='lat' dir='ltr'><strong>vivum3</strong></span> <span class='ocrx_word' id='word_1_200' title='bbox 805 2605 1087 2681; x_wconf 86' lang='lat' dir='ltr'><strong>cogitatio</strong></span> <span class='ocrx_word' id='word_1_201' title='bbox 1143 2611 1203 2663; x_wconf 92' lang='lat' dir='ltr'><strong>et</strong></span> <span class='ocrx_word' id='word_1_202' title='bbox 1251 2600 1532 2663; x_wconf 84' lang='lat' dir='ltr'><strong>voluntas</strong></span> <span class='ocrx_word' id='word_1_203' title='bbox 1580 2611 1721 2663; x_wconf 92' lang='lat' dir='ltr'><strong>sunt</strong></span> <span class='ocrx_word' id='word_1_204' title='bbox 1777 2604 2023 2678; x_wconf 88' lang='lat' dir='ltr'><strong>spiritus</strong></span> <span class='ocrx_word' id='word_1_205' title='bbox 2072 2601 2359 2673; x_wconf 78' lang='lat' dir='ltr'><strong>hominiS,</strong></span> <span class='ocrx_word' id='word_1_206' title='bbox 2414 2612 2474 2662; x_wconf 95' lang='lat' dir='ltr'><strong>et</strong></span> 
     </span>
     <span class='ocr_line' id='line_1_23' title="bbox 342 2703 2474 2781; baseline -0.001 -18"><span class='ocrx_word' id='word_1_207' title='bbox 342 2720 460 2764; x_wconf 89' lang='lat' dir='ltr'><strong>non</strong></span> <span class='ocrx_word' id='word_1_208' title='bbox 499 2706 785 2780; x_wconf 78' lang='lat' dir='ltr'><strong>corporis,</strong></span> <span class='ocrx_word' id='word_1_209' title='bbox 870 2703 1048 2781; x_wconf 83' lang='lat' dir='ltr'><strong>Quod</strong></span> <span class='ocrx_word' id='word_1_210' title='bbox 1096 2706 1342 2781; x_wconf 90' lang='lat' dir='ltr'><strong>spiritus</strong></span> <span class='ocrx_word' id='word_1_211' title='bbox 1395 2721 1517 2764; x_wconf 90' lang='lat' dir='ltr'><strong>non</strong></span> <span class='ocrx_word' id='word_1_212' title='bbox 1567 2710 1861 2780; x_wconf 84' lang='lat' dir='ltr'><strong>appareat</strong></span> <span class='ocrx_word' id='word_1_213' title='bbox 1907 2703 2131 2762; x_wconf 91' lang='lat' dir='ltr'><strong>homini</strong></span> <span class='ocrx_word' id='word_1_214' title='bbox 2174 2703 2236 2760; x_wconf 89' lang='lat' dir='ltr'><strong>in</strong></span> <span class='ocrx_word' id='word_1_215' title='bbox 2282 2703 2474 2762; x_wconf 80' lang='lat' dir='ltr'><strong>forma</strong></span> 
     </span>
     <span class='ocr_line' id='line_1_24' title="bbox 340 2804 2469 2882; baseline 0 -18"><span class='ocrx_word' id='word_1_216' title='bbox 340 2806 633 2879; x_wconf 87' lang='lat' dir='ltr'><strong>humana,</strong></span> <span class='ocrx_word' id='word_1_217' title='bbox 689 2811 1011 2882; x_wconf 88' lang='lat' dir='ltr'><strong>postquam</strong></span> <span class='ocrx_word' id='word_1_218' title='bbox 1046 2805 1281 2864; x_wconf 87' lang='lat' dir='ltr'><strong>solutus</strong></span> <span class='ocrx_word' id='word_1_219' title='bbox 1328 2810 1421 2864; x_wconf 90' lang='lat' dir='ltr'><strong>est</strong></span> <span class='ocrx_word' id='word_1_220' title='bbox 1457 2822 1496 2863; x_wconf 92' lang='lat' dir='ltr'><strong>a</strong></span> <span class='ocrx_word' id='word_1_221' title='bbox 1542 2821 1827 2881; x_wconf 88' lang='lat' dir='ltr'><strong>corpore,</strong></span> <span class='ocrx_word' id='word_1_222' title='bbox 1880 2821 1992 2864; x_wconf 90' lang='lat' dir='ltr'><strong>nec</strong></span> <span class='ocrx_word' id='word_1_223' title='bbox 2028 2806 2089 2863; x_wconf 91' lang='lat' dir='ltr'><strong>in</strong></span> <span class='ocrx_word' id='word_1_224' title='bbox 2127 2804 2317 2863; x_wconf 87' lang='lat' dir='ltr'><strong>altero</strong></span> <span class='ocrx_word' id='word_1_225' title='bbox 2358 2804 2469 2864; x_wconf 91' lang='lat' dir='ltr'><strong>ho-</strong></span> 
     </span>
     <span class='ocr_line' id='line_1_25' title="bbox 340 2904 2470 2983; baseline -0.001 -18"><span class='ocrx_word' id='word_1_226' title='bbox 340 2908 532 2980; x_wconf 76' lang='lat' dir='ltr'><strong>mine,</strong></span> <span class='ocrx_word' id='word_1_227' title='bbox 573 2914 668 2965; x_wconf 92' lang='lat' dir='ltr'><strong>est</strong></span> <span class='ocrx_word' id='word_1_228' title='bbox 696 2907 838 2982; x_wconf 88' lang='lat' dir='ltr'><strong>quia</strong></span> <span class='ocrx_word' id='word_1_229' title='bbox 863 2923 1152 2983; x_wconf 88' lang='lat' dir='ltr'><strong>organum</strong></span> <span class='ocrx_word' id='word_1_230' title='bbox 1187 2907 1355 2964; x_wconf 85' lang='lat' dir='ltr'><strong>visus</strong></span> <span class='ocrx_word' id='word_1_231' title='bbox 1385 2908 1655 2983; x_wconf 86' lang='lat' dir='ltr'><strong>corporis</strong></span> <span class='ocrx_word' id='word_1_232' title='bbox 1693 2922 1803 2964; x_wconf 91' lang='lat' dir='ltr'><strong>seu</strong></span> <span class='ocrx_word' id='word_1_233' title='bbox 1844 2905 1975 2982; x_wconf 88' lang='lat' dir='ltr'><strong>ejus</strong></span> <span class='ocrx_word' id='word_1_234' title='bbox 2013 2904 2241 2975; x_wconf 88' lang='lat' dir='ltr'><strong>oculus,</strong></span> <span class='ocrx_word' id='word_1_235' title='bbox 2277 2922 2470 2981; x_wconf 89' lang='lat' dir='ltr'><strong>quan-</strong></span> 
     </span>
     <span class='ocr_line' id='line_1_26' title="bbox 336 3005 2464 3082; baseline -0 -16"><span class='ocrx_word' id='word_1_236' title='bbox 336 3017 463 3066; x_wconf 83' lang='lat' dir='ltr'><strong>tum</strong></span> <span class='ocrx_word' id='word_1_237' title='bbox 489 3007 658 3067; x_wconf 88' lang='lat' dir='ltr'><strong>videt</strong></span> <span class='ocrx_word' id='word_1_238' title='bbox 685 3010 746 3066; x_wconf 88' lang='lat' dir='ltr'><strong>in</strong></span> <span class='ocrx_word' id='word_1_239' title='bbox 786 3006 1027 3082; x_wconf 89' lang='lat' dir='ltr'><strong>mundo,</strong></span> <span class='ocrx_word' id='word_1_240' title='bbox 1066 3012 1160 3066; x_wconf 91' lang='lat' dir='ltr'><strong>est</strong></span> <span class='ocrx_word' id='word_1_241' title='bbox 1183 3006 1532 3081; x_wconf 88' lang='lat' dir='ltr'><strong>materialis,</strong></span> <span class='ocrx_word' id='word_1_242' title='bbox 1573 3013 1634 3066; x_wconf 88' lang='lat' dir='ltr'><strong>et</strong></span> <span class='ocrx_word' id='word_1_243' title='bbox 1667 3005 1976 3065; x_wconf 88' lang='lat' dir='ltr'><strong>materiale</strong></span> <span class='ocrx_word' id='word_1_244' title='bbox 2000 3023 2119 3066; x_wconf 89' lang='lat' dir='ltr'><strong>non</strong></span> <span class='ocrx_word' id='word_1_245' title='bbox 2147 3006 2312 3065; x_wconf 84' lang='lat' dir='ltr'><strong>videt</strong></span> <span class='ocrx_word' id='word_1_246' title='bbox 2347 3008 2464 3065; x_wconf 88' lang='lat' dir='ltr'><strong>nisi</strong></span> 
     </span>
     <span class='ocr_line' id='line_1_27' title="bbox 337 3106 2466 3190; baseline -0.001 -23"><span class='ocrx_word' id='word_1_247' title='bbox 337 3126 517 3186; x_wconf 91' lang='lat' dir='ltr'><strong>quam</strong></span> <span class='ocrx_word' id='word_1_248' title='bbox 553 3107 884 3182; x_wconf 88' lang='lat' dir='ltr'><strong>materiale,</strong></span> <span class='ocrx_word' id='word_1_249' title='bbox 917 3113 979 3165; x_wconf 92' lang='lat' dir='ltr'><strong>at</strong></span> <span class='ocrx_word' id='word_1_250' title='bbox 1012 3106 1324 3184; x_wconf 86' lang='lat' dir='ltr'><strong>spirituale</strong></span> <span class='ocrx_word' id='word_1_251' title='bbox 1358 3108 1524 3168; x_wconf 87' lang='lat' dir='ltr'><strong>videt</strong></span> <span class='ocrx_word' id='word_1_252' title='bbox 1558 3107 1892 3184; x_wconf 88' lang='lat' dir='ltr'><strong>spirituale,</strong></span> <span class='ocrx_word' id='word_1_253' title='bbox 1933 3113 2303 3190; x_wconf 89' lang='lat' dir='ltr'><strong>quapropter</strong></span> <span class='ocrx_word' id='word_1_254' title='bbox 2330 3124 2466 3165; x_wconf 91' lang='lat' dir='ltr'><strong>cum</strong></span> 
     </span>
     <span class='ocr_line' id='line_1_28' title="bbox 333 3207 2464 3286; baseline -0.001 -18"><span class='ocrx_word' id='word_1_255' title='bbox 333 3210 645 3269; x_wconf 87' lang='lat' dir='ltr'><strong>materiale</strong></span> <span class='ocrx_word' id='word_1_256' title='bbox 700 3208 858 3269; x_wconf 92' lang='lat' dir='ltr'><strong>oculi</strong></span> <span class='ocrx_word' id='word_1_257' title='bbox 906 3207 1222 3269; x_wconf 87' lang='lat' dir='ltr'><strong>obvelatur</strong></span> <span class='ocrx_word' id='word_1_258' title='bbox 1269 3225 1340 3267; x_wconf 90' lang='lat' dir='ltr'><strong>ac</strong></span> <span class='ocrx_word' id='word_1_259' title='bbox 1386 3211 1661 3286; x_wconf 87' lang='lat' dir='ltr'><strong>privatur</strong></span> <span class='ocrx_word' id='word_1_260' title='bbox 1706 3226 1822 3269; x_wconf 90' lang='lat' dir='ltr'><strong>sua</strong></span> <span class='ocrx_word' id='word_1_261' title='bbox 1858 3209 2281 3284; x_wconf 87' lang='lat' dir='ltr'><strong>cooperatione</strong></span> <span class='ocrx_word' id='word_1_262' title='bbox 2330 3225 2464 3267; x_wconf 90' lang='lat' dir='ltr'><strong>cum</strong></span> 
     </span>
     <span class='ocr_line' id='line_1_29' title="bbox 305 3306 2461 3388; baseline -0.001 -20"><span class='ocrx_word' id='word_1_263' title='bbox 305 3311 652 3386; x_wconf 79' lang='lat' dir='ltr'><strong>spirituali,</strong></span> <span class='ocrx_word' id='word_1_264' title='bbox 687 3317 828 3370; x_wconf 90' lang='lat' dir='ltr'><strong>tunc</strong></span> <span class='ocrx_word' id='word_1_265' title='bbox 871 3316 1168 3388; x_wconf 87' lang='lat' dir='ltr'><strong>apparent</strong></span> <span class='ocrx_word' id='word_1_266' title='bbox 1206 3311 1455 3387; x_wconf 86' lang='lat' dir='ltr'><strong>spiritus</strong></span> <span class='ocrx_word' id='word_1_267' title='bbox 1481 3313 1546 3369; x_wconf 90' lang='lat' dir='ltr'><strong>in</strong></span> <span class='ocrx_word' id='word_1_268' title='bbox 1595 3326 1709 3370; x_wconf 88' lang='lat' dir='ltr'><strong>sua</strong></span> <span class='ocrx_word' id='word_1_269' title='bbox 1741 3310 1960 3378; x_wconf 86' lang='lat' dir='ltr'><strong>forma,</strong></span> <span class='ocrx_word' id='word_1_270' title='bbox 2021 3324 2178 3385; x_wconf 91' lang='lat' dir='ltr'><strong>quae</strong></span> <span class='ocrx_word' id='word_1_271' title='bbox 2216 3315 2310 3366; x_wconf 92' lang='lat' dir='ltr'><strong>est</strong></span> <span class='ocrx_word' id='word_1_272' title='bbox 2345 3306 2461 3365; x_wconf 92' lang='lat' dir='ltr'><strong>hu-</strong></span> 
     </span>
     <span class='ocr_line' id='line_1_30' title="bbox 332 3406 2467 3488; baseline -0.002 -20"><span class='ocrx_word' id='word_1_273' title='bbox 332 3428 513 3468; x_wconf 87' lang='lat' dir='ltr'><strong>mana</strong></span> <span class='ocrx_word' id='word_1_274' title='bbox 545 3429 666 3471; x_wconf 92' lang='lat' dir='ltr'><strong>non</strong></span> <span class='ocrx_word' id='word_1_275' title='bbox 703 3411 900 3470; x_wconf 90' lang='lat' dir='ltr'><strong>solum</strong></span> <span class='ocrx_word' id='word_1_276' title='bbox 944 3413 1224 3488; x_wconf 61' lang='lat' dir='ltr'><strong>spiritus»,</strong></span> <span class='ocrx_word' id='word_1_277' title='bbox 1281 3414 1384 3487; x_wconf 91' lang='lat' dir='ltr'><strong>qui</strong></span> <span class='ocrx_word' id='word_1_278' title='bbox 1417 3413 1479 3469; x_wconf 92' lang='lat' dir='ltr'><strong>in</strong></span> <span class='ocrx_word' id='word_1_279' title='bbox 1526 3411 1746 3469; x_wconf 91' lang='lat' dir='ltr'><strong>mundo</strong></span> <span class='ocrx_word' id='word_1_280' title='bbox 1792 3407 2091 3485; x_wconf 88' lang='lat' dir='ltr'><strong>spirituali</strong></span> <span class='ocrx_word' id='word_1_281' title='bbox 2125 3411 2300 3481; x_wconf 87' lang='lat' dir='ltr'><strong>sunt,</strong></span> <span class='ocrx_word' id='word_1_282' title='bbox 2356 3406 2467 3466; x_wconf 87' lang='lat' dir='ltr'><strong>sed</strong></span> 
     </span>
     <span class='ocr_line' id='line_1_31' title="bbox 335 3509 2360 3587; baseline -0.002 -18"><span class='ocrx_word' id='word_1_283' title='bbox 335 3512 515 3569; x_wconf 84' lang='lat' dir='ltr'><strong>etiam</strong></span> <span class='ocrx_word' id='word_1_284' title='bbox 551 3513 800 3587; x_wconf 88' lang='lat' dir='ltr'><strong>spiritus</strong></span> <span class='ocrx_word' id='word_1_285' title='bbox 837 3513 940 3585; x_wconf 90' lang='lat' dir='ltr'><strong>qui</strong></span> <span class='ocrx_word' id='word_1_286' title='bbox 974 3515 1035 3569; x_wconf 92' lang='lat' dir='ltr'><strong>in</strong></span> <span class='ocrx_word' id='word_1_287' title='bbox 1069 3512 1260 3570; x_wconf 88' lang='lat' dir='ltr'><strong>altero</strong></span> <span class='ocrx_word' id='word_1_288' title='bbox 1296 3512 1440 3569; x_wconf 87' lang='lat' dir='ltr'><strong>dum</strong></span> <span class='ocrx_word' id='word_1_289' title='bbox 1478 3509 1676 3567; x_wconf 87' lang='lat' dir='ltr'><strong>adhuc</strong></span> <span class='ocrx_word' id='word_1_290' title='bbox 1713 3512 1774 3568; x_wconf 90' lang='lat' dir='ltr'><strong>in</strong></span> <span class='ocrx_word' id='word_1_291' title='bbox 1809 3525 1920 3568; x_wconf 91' lang='lat' dir='ltr'><strong>suo</strong></span> <span class='ocrx_word' id='word_1_292' title='bbox 1951 3522 2201 3583; x_wconf 89' lang='lat' dir='ltr'><strong>corpore</strong></span> <span class='ocrx_word' id='word_1_293' title='bbox 2248 3512 2360 3565; x_wconf 88' lang='lat' dir='ltr'><strong>est.</strong></span> 
     </span>
    </p>

    <p class='ocr_par' dir='ltr' id='par_1_4' title="bbox 330 3608 2468 3992">
     <span class='ocr_line' id='line_1_32' title="bbox 494 3608 2468 3686; baseline -0.001 -18"><span class='ocrx_word' id='word_1_294' title='bbox 494 3611 659 3669; x_wconf 84' lang='lat'>454.</span> <span class='ocrx_word' id='word_1_295' title='bbox 733 3610 908 3685; x_wconf 86' lang='lat' dir='ltr'><strong>Quod</strong></span> <span class='ocrx_word' id='word_1_296' title='bbox 951 3612 1143 3669; x_wconf 76' lang='lat' dir='ltr'><strong>forma</strong></span> <span class='ocrx_word' id='word_1_297' title='bbox 1179 3612 1429 3686; x_wconf 87' lang='lat' dir='ltr'><strong>spiritus</strong></span> <span class='ocrx_word' id='word_1_298' title='bbox 1487 3612 1567 3667; x_wconf 89' lang='lat' dir='ltr'><strong>sit</strong></span> <span class='ocrx_word' id='word_1_299' title='bbox 1609 3610 1799 3667; x_wconf 86' lang='lat' dir='ltr'><strong>forma</strong></span> <span class='ocrx_word' id='word_1_300' title='bbox 1845 3609 2135 3681; x_wconf 88' lang='lat' dir='ltr'><strong>humana,</strong></span> <span class='ocrx_word' id='word_1_301' title='bbox 2201 3616 2294 3666; x_wconf 91' lang='lat' dir='ltr'><strong>est</strong></span> <span class='ocrx_word' id='word_1_302' title='bbox 2328 3608 2468 3686; x_wconf 89' lang='lat' dir='ltr'><strong>quia</strong></span> 
     </span>
     <span class='ocr_line' id='line_1_33' title="bbox 330 3706 2466 3787; baseline -0 -17"><span class='ocrx_word' id='word_1_303' title='bbox 330 3711 514 3770; x_wconf 86' lang='lat' dir='ltr'><strong>homo</strong></span> <span class='ocrx_word' id='word_1_304' title='bbox 551 3708 754 3787; x_wconf 87' lang='lat' dir='ltr'><strong>quoad</strong></span> <span class='ocrx_word' id='word_1_305' title='bbox 778 3710 1060 3785; x_wconf 88' lang='lat' dir='ltr'><strong>spiritum</strong></span> <span class='ocrx_word' id='word_1_306' title='bbox 1101 3727 1278 3768; x_wconf 87' lang='lat' dir='ltr'><strong>suum</strong></span> <span class='ocrx_word' id='word_1_307' title='bbox 1312 3716 1553 3769; x_wconf 88' lang='lat' dir='ltr'><strong>creatus</strong></span> <span class='ocrx_word' id='word_1_308' title='bbox 1592 3715 1685 3768; x_wconf 90' lang='lat' dir='ltr'><strong>est</strong></span> <span class='ocrx_word' id='word_1_309' title='bbox 1723 3709 1799 3767; x_wconf 91' lang='lat' dir='ltr'><strong>ad</strong></span> <span class='ocrx_word' id='word_1_310' title='bbox 1825 3709 2074 3767; x_wconf 85' lang='lat' dir='ltr'><strong>sormam</strong></span> <span class='ocrx_word' id='word_1_311' title='bbox 2104 3706 2290 3784; x_wconf 88' lang='lat' dir='ltr'><strong>Coeli,</strong></span> <span class='ocrx_word' id='word_1_312' title='bbox 2327 3726 2466 3769; x_wconf 85' lang='lat' dir='ltr'><strong>nam</strong></span> 
     </span>
     <span class='ocr_line' id='line_1_34' title="bbox 330 3808 2465 3887; baseline -0 -16"><span class='ocrx_word' id='word_1_313' title='bbox 330 3814 534 3871; x_wconf 90' lang='lat' dir='ltr'><strong>omnia</strong></span> <span class='ocrx_word' id='word_1_314' title='bbox 583 3809 753 3870; x_wconf 87' lang='lat' dir='ltr'><strong>Coeli</strong></span> <span class='ocrx_word' id='word_1_315' title='bbox 789 3817 850 3869; x_wconf 92' lang='lat' dir='ltr'><strong>et</strong></span> <span class='ocrx_word' id='word_1_316' title='bbox 900 3811 1033 3887; x_wconf 89' lang='lat' dir='ltr'><strong>ejus</strong></span> <span class='ocrx_word' id='word_1_317' title='bbox 1078 3809 1303 3868; x_wconf 89' lang='lat' dir='ltr'><strong>ordinis</strong></span> <span class='ocrx_word' id='word_1_318' title='bbox 1339 3811 1401 3867; x_wconf 92' lang='lat' dir='ltr'><strong>in</strong></span> <span class='ocrx_word' id='word_1_319' title='bbox 1449 3808 1555 3867; x_wconf 91' lang='lat' dir='ltr'><strong>illa</strong></span> <span class='ocrx_word' id='word_1_320' title='bbox 1591 3826 1746 3885; x_wconf 92' lang='lat' dir='ltr'><strong>quae</strong></span> <span class='ocrx_word' id='word_1_321' title='bbox 1782 3816 1922 3868; x_wconf 89' lang='lat' dir='ltr'><strong>sunt</strong></span> <span class='ocrx_word' id='word_1_322' title='bbox 1957 3811 2174 3868; x_wconf 87' lang='lat' dir='ltr'><strong>mentis</strong></span> <span class='ocrx_word' id='word_1_323' title='bbox 2211 3809 2465 3870; x_wconf 89' lang='lat' dir='ltr'><strong>hominis</strong></span> 
     </span>
     <span class='ocr_line' id='line_1_35' title="bbox 331 3906 2464 3992; baseline -0.001 -21"><span class='ocrx_word' id='word_1_324' title='bbox 331 3912 552 3973; x_wconf 86' lang='lat' dir='ltr'><strong>collata</strong></span> <span class='ocrx_word' id='word_1_325' title='bbox 590 3921 733 3971; x_wconf 90' lang='lat' dir='ltr'><strong>sunt</strong></span> <span class='ocrx_word' id='word_1_326' title='bbox 762 3906 864 3992; x_wconf 56' lang='grc' dir='ltr'><strong>(ὣς</strong></span> <span class='ocrx_word' id='word_1_327' title='bbox 927 3910 1085 3970; x_wconf 92' lang='lat' dir='ltr'><strong>unde</strong></span> <span class='ocrx_word' id='word_1_328' title='bbox 1123 3909 1212 3969; x_wconf 90' lang='lat' dir='ltr'><strong>illi</strong></span> <span class='ocrx_word' id='word_1_329' title='bbox 1245 3910 1503 3970; x_wconf 83' lang='lat' dir='ltr'><strong>facultas</strong></span> <span class='ocrx_word' id='word_1_330' title='bbox 1542 3910 1870 3988; x_wconf 89' lang='lat' dir='ltr'><strong>recipiendi</strong></span> <span class='ocrx_word' id='word_1_331' title='bbox 1907 3909 2362 3988; x_wconf 87' lang='lat' dir='ltr'><strong>intelligentiam</strong></span> <span class='ocrx_word' id='word_1_332' title='bbox 2405 3918 2464 3971; x_wconf 93' lang='lat' dir='ltr'><strong>et</strong></span> 
     </span>
    </p>
   </div>
   <div class='ocr_carea' id='block_1_4' title="bbox 342 4065 754 4076">
    <p class='ocr_par' dir='ltr' id='par_1_5' title="bbox 342 4065 754 4076">
     <span class='ocr_line' id='line_1_36' title="bbox 342 4065 754 4076; baseline 0 1038"><span class='ocrx_word' id='word_1_333' title='bbox 342 4065 754 4076; x_wconf 95' lang='lat' dir='ltr'><strong> </strong></span> 
     </span>
    </p>
   </div>
   <div class='ocr_carea' id='block_1_5' title="bbox 336 4159 2458 4310">
    <p class='ocr_par' dir='ltr' id='par_1_6' title="bbox 336 4159 2458 4310">
     <span class='ocr_line' id='line_1_37' title="bbox 489 4159 2458 4234; baseline 0 -22"><span class='ocrx_word' id='word_1_334' title='bbox 489 4159 565 4224; x_wconf 80' lang='lat' dir='ltr'><strong>(f)</strong></span> <span class='ocrx_word' id='word_1_335' title='bbox 614 4160 778 4225; x_wconf 84' lang='lat' dir='ltr'><strong>Quod</strong></span> <span class='ocrx_word' id='word_1_336' title='bbox 812 4162 988 4215; x_wconf 84' lang='lat' dir='ltr'><strong>homo</strong></span> <span class='ocrx_word' id='word_1_337' title='bbox 1032 4163 1135 4226; x_wconf 87' lang='lat' dir='ltr'><strong>sit,</strong></span> <span class='ocrx_word' id='word_1_338' title='bbox 1194 4166 1253 4215; x_wconf 88' lang='lat' dir='ltr'><strong>in</strong></span> <span class='ocrx_word' id='word_1_339' title='bbox 1299 4179 1466 4234; x_wconf 85' lang='lat' dir='ltr'><strong>quem</strong></span> <span class='ocrx_word' id='word_1_340' title='bbox 1514 4164 1705 4217; x_wconf 82' lang='lat' dir='ltr'><strong>omnia</strong></span> <span class='ocrx_word' id='word_1_341' title='bbox 1748 4163 1974 4217; x_wconf 79' lang='lat' dir='ltr'><strong>ordinis</strong></span> <span class='ocrx_word' id='word_1_342' title='bbox 2012 4163 2209 4217; x_wconf 84' lang='lat' dir='ltr'><strong>Divini</strong></span> <span class='ocrx_word' id='word_1_343' title='bbox 2251 4161 2458 4214; x_wconf 82' lang='lat' dir='ltr'><strong>collata</strong></span> 
     </span>
     <span class='ocr_line' id='line_1_38' title="bbox 336 4237 2458 4310; baseline 0.003 -23"><span class='ocrx_word' id='word_1_344' title='bbox 336 4246 498 4298; x_wconf 76' lang='lat' dir='ltr'><strong>sunt,</strong></span> <span class='ocrx_word' id='word_1_345' title='bbox 543 4247 599 4289; x_wconf 84' lang='lat' dir='ltr'><strong>et</strong></span> <span class='ocrx_word' id='word_1_346' title='bbox 639 4237 796 4310; x_wconf 82' lang='lat' dir='ltr'><strong>quod</strong></span> <span class='ocrx_word' id='word_1_347' title='bbox 822 4254 890 4292; x_wconf 82' lang='lat' dir='ltr'><strong>ex</strong></span> <span class='ocrx_word' id='word_1_348' title='bbox 925 4241 1222 4292; x_wconf 81' lang='lat' dir='ltr'><strong>creatione</strong></span> <span class='ocrx_word' id='word_1_349' title='bbox 1265 4240 1339 4292; x_wconf 86' lang='lat' dir='ltr'><strong>sit</strong></span> <span class='ocrx_word' id='word_1_350' title='bbox 1377 4240 1624 4292; x_wconf 82' lang='lat' dir='ltr'><strong>Divinus</strong></span> <span class='ocrx_word' id='word_1_351' title='bbox 1665 4240 1814 4292; x_wconf 80' lang='lat' dir='ltr'><strong>ordo</strong></span> <span class='ocrx_word' id='word_1_352' title='bbox 1844 4241 1900 4291; x_wconf 84' lang='lat' dir='ltr'><strong>in</strong></span> <span class='ocrx_word' id='word_1_353' title='bbox 1927 4239 2138 4300; x_wconf 81' lang='lat' dir='ltr'><strong>forma,</strong></span> <span class='ocrx_word' id='word_1_354' title='bbox 2181 4256 2246 4289; x_wconf 85' lang='lat' dir='ltr'><strong>n:</strong></span> <span class='ocrx_word' id='word_1_355' title='bbox 2292 4245 2458 4297; x_wconf 84' lang='grc'><strong>4219.</strong></span> 
     </span>
    </p>
   </div>
   <div class='ocr_carea' id='block_1_6' title="bbox 333 4319 2457 4389">
    <p class='ocr_par' dir='ltr' id='par_1_7' title="bbox 333 4319 2457 4389">
     <span class='ocr_line' id='line_1_39' title="bbox 333 4319 2457 4389; baseline -0.003 -14"><span class='ocrx_word' id='word_1_356' title='bbox 333 4319 503 4375; x_wconf 64' lang='grc'><strong>4220,</strong></span> <span class='ocrx_word' id='word_1_357' title='bbox 550 4321 718 4376; x_wconf 86' lang='grc'><strong>4223.</strong></span> <span class='ocrx_word' id='word_1_358' title='bbox 765 4322 930 4377; x_wconf 83' lang='grc'><strong>4523·</strong></span> <span class='ocrx_word' id='word_1_359' title='bbox 981 4323 1153 4378; x_wconf 81' lang='grc'><strong>4524.</strong></span> <span class='ocrx_word' id='word_1_360' title='bbox 1205 4323 1372 4377; x_wconf 81' lang='lat'>5114.</span> <span class='ocrx_word' id='word_1_361' title='bbox 1416 4325 1582 4377; x_wconf 82' lang='lat'>5368-</span> <span class='ocrx_word' id='word_1_362' title='bbox 1636 4325 1804 4378; x_wconf 78' lang='lat'><strong>6013.</strong></span> <span class='ocrx_word' id='word_1_363' title='bbox 1857 4323 2023 4375; x_wconf 85' lang='lat'>6057·</span> <span class='ocrx_word' id='word_1_364' title='bbox 2077 4321 2244 4374; x_wconf 81' lang='lat'><strong>6605.</strong></span> <span class='ocrx_word' id='word_1_365' title='bbox 2291 4320 2457 4389; x_wconf 81' lang='grc'><strong>6626.</strong></span> 
     </span>
    </p>
   </div>
  </div>
 </body>
</html>
