3013 5114
581 441 685 491 132
1186 427 1283 480 DE
1326 423 1559 480 COELO
1601 422 1695 478 ET
1734 422 2065 479 INFERNO.

576 590 822 669 poribus
862 587 937 646 ad
977 603 1208 647 omnem
1248 590 1483 663 partem
1529 583 1642 643 sub
1692 602 1811 660 qua
1856 589 1949 642 est
1998 581 2340 655 cerebrum,
2404 584 2544 658 quia
2578 583 2685 642 illa

576 693 741 768 regio
779 691 990 765 capitis
1030 685 1461 764 correspondet
1495 685 1942 762 intelligentiae.
2014 684 2280 742 Influxus
2319 690 2520 743 autem
2555 685 2686 744 An-

577 791 845 869 gelorum
885 788 1251 849 Coelestium
1287 793 1380 846 est
1412 789 1474 844 in
1510 786 1677 844 illam
1718 794 1950 862 partem
1990 784 2217 861 Capitis
2261 785 2371 843 sub
2424 803 2544 861 qua
2593 792 2689 845 est

581 890 972 964 cerebellum,
1027 896 1086 947 et
1134 894 1382 947 vocatur
1436 889 1805 964 occipitium,
1868 887 1942 945 ab
1989 886 2232 944 auribus
2284 885 2687 962 undequaque

578 996 798 1052 circum
835 1008 1029 1066 usque
1073 1008 1110 1047 a
1149 991 1401 1063 cervice,
1441 1006 1578 1047 nam
1615 987 1719 1046 illa
1759 991 1923 1065 regio
1976 987 2401 1063 correspondet
2436 989 2684 1064 sapien-

580 1095 719 1152 tiae.
796 1091 1001 1152 Omnis
1037 1090 1284 1166 loquela
1332 1090 1683 1165 angelorum
1724 1107 1860 1148 cum
1901 1089 2139 1147 homine
2175 1089 2357 1145 intrat
2395 1105 2507 1165 per
2550 1087 2687 1147 illas

578 1196 707 1252 vias
763 1194 824 1251 in
884 1194 1278 1269 cogitationes
1341 1190 1503 1267 ejus:
1576 1190 1713 1248 inde
1764 1196 2198 1266 apperceptum
2259 1195 2381 1258 est,
2447 1191 2691 1265 quinam

579 1294 796 1372 Angeli
830 1294 1095 1364 suerunt,
1149 1294 1249 1368 qui
1283 1308 1517 1349 mecum
1552 1290 1785 1367 loquuti
1821 1297 1976 1349 sunt.

737 1396 898 1454 252.
957 1394 1074 1469 Qui
1107 1394 1432 1468 loquuntur
1469 1409 1603 1449 cum
1642 1392 1889 1468 Angelis
1928 1391 2098 1465 coeli,
2143 1391 2228 1449 illi
2268 1392 2446 1450 ctiam
2483 1390 2689 1450 vident

579 1514 652 1554 ea
688 1512 840 1572 quae
878 1497 938 1553 in
977 1494 1143 1552 coelo
1182 1500 1336 1566 sunt,
1404 1495 1546 1568 quia
1581 1493 1786 1551 vident
1824 1511 1897 1551 ex
1931 1493 2065 1552 luce
2103 1491 2289 1563 coeli,
2343 1495 2404 1549 in
2440 1509 2561 1568 qua
2595 1495 2689 1550 in-

579 1597 799 1655 teriora
837 1613 1043 1654 eorum
1080 1601 1217 1652 sunt
1231 1613 1246 1669 3
1305 1595 1482 1652 ctiam
1524 1594 1721 1670 angeli
1758 1611 1869 1670 per
1904 1593 2040 1652 illos
2078 1593 2285 1651 vident
2328 1610 2401 1651 ea
2436 1610 2591 1669 quae
2626 1595 2690 1652 in

575 1696 791 1755 tellure
833 1702 972 1763 sunt
1034 1691 1164 1775 (tt);
1232 1700 1326 1753 est
1382 1697 1540 1754 enim
1600 1695 1762 1771 apud
1821 1694 1957 1754 illos
2012 1694 2250 1754 coelum
2307 1695 2690 1771 conjunctum

576 1797 827 1866 mund0‚
894 1804 953 1855 et
990 1797 1243 1854 mundus
1283 1797 1634 1874 conjunctus
1678 1796 1845 1855 coelo
1860 1841 1876 1870 ,
1930 1813 2067 1853 nam
2106 1801 2169 1852 ut
2205 1812 2389 1872 supra
2430 1813 2499 1852 n:
2545 1798 2682 1854 246

577 1898 796 1958 dictum
837 1903 958 1973 est,
1018 1915 1150 1958 cuin
1195 1897 1414 1974 Angeli
1451 1913 1519 1956 se
1556 1903 1909 1956 convertunt
1944 1897 2021 1955 ad
2054 1897 2382 1971 hominem,
2434 1913 2500 1954 se
2538 1913 2685 1955 con-

566 2000 832 2076 jungunt
870 2000 926 2058 ei
960 2001 1072 2074 ita,
1132 2005 1197 2057 ut
1237 2016 1356 2057 non
1393 1998 1567 2057 aliter
1601 2001 1821 2071 sciant,
1885 2016 2063 2075 quam
2101 1997 2260 2075 quod
2298 2014 2450 2073 quae
2486 1997 2686 2056 homi-

575 2103 666 2158 nis
704 2106 871 2173 sunt,
942 2117 1053 2157 sua
1103 2102 1239 2168 sint,
1286 2116 1405 2157 non
1451 2099 1626 2187 modo
1674 2099 1778 2158 illa
1829 2116 1984 2176 quae
2032 2098 2310 2174 loquelae
2359 2099 2489 2176 ejus
2528 2103 2689 2168 sunt,

577 2200 684 2256 sed
722 2202 900 2257 etiam
938 2199 1042 2256 illa
1079 2216 1232 2274 quae
1269 2201 1434 2260 visus
1476 2204 1536 2257 et
1572 2199 1811 2258 auditus
1850 2206 2017 2276 sunt3
2072 2200 2249 2258 homo
2288 2201 2467 2258 etiam
2502 2200 2686 2259 vicis-

576 2301 686 2358 sim
737 2317 856 2357 non
905 2299 1079 2357 aliter
1117 2301 1257 2373 scit,
1335 2317 1510 2374 quam
1566 2318 1718 2376 quae
1766 2318 1877 2375 per
1913 2284 2179 2377 Angelos
2233 2302 2519 2374 influunt,
2577 2317 2692 2359 sua

577 2401 712 2458 sint.
794 2400 867 2459 In
915 2400 1019 2459 tali
1066 2400 1477 2477 conjunctione
1535 2417 1670 2459 cum
1717 2400 1965 2477 Angelis
2021 2403 2175 2462 coeli
2220 2403 2461 2461 fuerunt
2508 2401 2690 2460 Anti-

579 2503 850 2579 quissimi
895 2504 958 2562 in
1002 2501 1119 2562 hac
1166 2501 1412 2577 tellure,
1479 2519 1731 2579 quorum
1777 2508 2051 2579 tempora
2096 2504 2233 2563 ideo
2283 2508 2499 2562 vocata
2549 2507 2693 2561 sunt

580 2602 901 2663 Saeculum
940 2621 1216 2681 aureum3
1266 2603 1353 2662 illi
1399 2608 1539 2681 quia
1575 2612 1945 2681 agnoverunt
1979 2604 2263 2664 Divinum
2298 2603 2411 2663 sub
2448 2604 2686 2662 Huma-

577 2723 655 2762 na
691 2706 908 2777 forma,
959 2707 1043 2762 ita
1079 2704 1430 2779 Dominum,
1491 2704 1727 2782 loquuti
1762 2712 1901 2765 sunt
1946 2723 2082 2764 cum
2118 2706 2367 2783 Angelis
2407 2704 2574 2764 Coeli
2624 2711 2693 2763 ut

581 2822 716 2862 cum
752 2807 910 2873 suis,
961 2810 1020 2862 et
1055 2797 1272 2880 Angeli
1309 2803 1476 2863 Coeli
1515 2823 1645 2864 cum
1683 2806 1801 2865 illis
1839 2809 2102 2865 vicissim
2143 2813 2209 2865 ut
2244 2824 2382 2867 cum
2416 2808 2577 2879 suiS,
2631 2811 2694 2864 et

578 2906 636 2960 in
673 2887 790 2961 illis
827 2903 1059 2961 coelum
1099 2910 1156 2961 et
1203 2904 1456 2961 mundus
1494 2924 1677 2964 unum
1712 2908 2002 2966 fecerunt.
2080 2908 2161 2966 At
2196 2908 2372 2967 homo
2411 2913 2553 2983 post
2587 2905 2694 2965 illa

578 3012 850 3077 tempora
889 3020 955 3061 se
993 3006 1343 3065 successive
1380 3007 1634 3064 removit
1671 3024 1705 3065 e
1741 3007 1943 3083 coelo,
2006 3026 2117 3084 per
2150 3009 2212 3067 id
2256 3008 2414 3085 quod
2464 3012 2694 3066 amaret

581 3120 647 3162 se
683 3121 828 3179 prae
865 3102 1151 3178 Domin05
1202 3112 1262 3163 et
1297 3105 1580 3163 mundum
1615 3124 1765 3183 prae
1810 3108 2004 3182 coe10‚
2056 3110 2194 3169 inde
2232 3112 2453 3169 sentire
2492 3109 2694 3185 caepit

573 3203 844 3281 jucunda
891 3206 1111 3262 amoris
1160 3206 1255 3289 sui
1303 3211 1364 3264 et
1410 3207 1617 3265 mundi
1663 3217 1949 3284 separata
1998 3228 2035 3268 a
2065 3210 2349 3287 jucundis
2392 3209 2576 3285 coeli,
2630 3216 2694 3268 et

578 3304 814 3365 tandem
844 3322 1058 3388 rusque
1112 3306 1261 3365 adeo
1309 3313 1376 3364 ut
1419 3309 1678 3366 nesciret
1724 3309 1863 3384 quid
1911 3311 2074 3370 aliud
2112 3311 2477 3389 jucundum:
2547 3315 2691 3368 tunc

583 3406 788 3467 clausa
835 3415 976 3466 sunt
1009 3408 1321 3481 interiora,
1385 3425 1539 3485 quae
1580 3415 1906 3484 patuerunt
1939 3414 2001 3470 in
2037 3412 2302 3487 coelum,
2368 3417 2429 3472 et
2478 3415 2694 3487 aperta

581 3512 879 3568 exteriora
914 3508 989 3567 ad
1023 3509 1335 3585 mundum3
1380 3508 1541 3586 quod
1578 3527 1711 3569 cum
1748 3510 1830 3584 fit,
1878 3512 2054 3571 homo
2092 3514 2153 3571 in
2188 3513 2324 3572 luce
2367 3519 2459 3571 est
2491 3509 2691 3594 quoad

580 3612 778 3667 omnia
828 3626 981 3686 quae
1027 3610 1230 3669 mundi
1279 3616 1447 3685 sunt,
1517 3616 1578 3671 et
1624 3613 1684 3669 in
1735 3612 1987 3689 caligine
2037 3613 2238 3689 quoad
2285 3616 2485 3673 omnia
2533 3628 2691 3689 quae

581 3707 732 3768 coeli
767 3717 926 3769 sunt.

750 3810 913 3869 253.
1002 3810 1150 3870 Post
1202 3811 1307 3870 illa
1377 3819 1649 3889 tempora
1728 3829 1863 3872 raro
1942 3800 2158 3888 aliquis
2234 3814 2524 3893 loquutus
2600 3819 2697 3873 est

581 3924 715 3968 cum
763 3910 1011 3985 Angelis
1060 3912 1248 3985 coeli,
1324 3912 1434 3970 sed
1484 3912 1671 3988 aliqui
1722 3931 1858 3973 cum
1911 3915 2253 3990 spiritibu8‚
2321 3919 2425 3994 qui
2466 3931 2586 3975 non
2630 3915 2693 3973 in

732 4171 831 4239 (tt)
885 4172 1053 4249 Quod
1095 4172 1334 4244 spiritus
1373 4173 1520 4227 nihil
1561 4175 1788 4245 possint
1828 4176 2029 4231 videre
2062 4195 2169 4248 per
2203 4178 2492 4230 hominem
2532 4175 2694 4248 quod

577 4248 763 4380 33:¹31
785 4247 1170 4387 nmuiiglgolioc
1213 4249 1419 4313 solari,
1469 4250 1567 4305 sed
1611 4252 1767 4324 quod
1810 4271 1917 4324 per
1960 4270 2119 4308 meos
2160 4253 2364 4307 oculos
2407 4251 2689 4316 viderint,
