3013 5114
494 468 497 471 Α
580 408 649 458 ’16
1194 395 1288 447 DE
1331 395 1565 449 COELO
1609 395 1701 448 ET
1741 394 2072 448 INFERNO.

786 561 897 614 27.
956 555 1116 632 Quia
1150 556 1271 616 tale
1309 556 1629 616 discrimen
1667 562 1759 614 est
1808 558 1964 613 inter
1999 552 2266 629 Angelos
2319 552 2513 630 Regni
2551 570 2698 613 coe-

577 660 748 717 lestis
797 666 855 715 et
890 660 1043 716 inter
1078 657 1345 734 Angelos
1382 657 1576 733 Regni
1613 643 1962 733 spiritualis,
2000 654 2135 713 ideo
2173 670 2293 711 non
2326 652 2505 712 simul
2534 662 2697 727 sunt,

579 775 688 817 nec
739 760 1100 818 consortium
1148 760 1303 816 inter
1354 775 1420 817 se
1466 757 1721 832 habent3
1777 755 1951 814 datur
2007 753 2183 813 modo
2238 756 2700 815 communicatio

582 877 692 936 per
728 859 1049 918 societates
1086 857 1391 936 angelieas
1427 856 1845 928 intermedias,
1884 872 2037 931 quae
2073 860 2366 914 vocantur
2401 854 2702 916 coelestes
2741 902 2752 910 .

579 960 958 1036 spirituales;
997 976 1108 1036 per
1129 960 1240 1018 has
1269 959 1461 1017 influit
1484 958 1760 1035 Regnum
1791 957 2054 1016 coeleste
2084 959 2144 1014 in
2174 953 2500 1031 Spirituale
2534 952 2700 1037 (nn):

578 1058 716 1118 inde
751 1059 844 1134 fit,
902 1058 1061 1134 quod
1103 1061 1343 1118 tametsi
1379 1059 1614 1119 coelum
1648 1061 1708 1116 in
1745 1057 1862 1115 duo
1898 1057 2109 1133 Regna
2144 1055 2404 1114 divisum
2440 1064 2552 1125 est,
2588 1072 2698 1116 us-

581 1177 698 1236 que
734 1178 918 1218 unum
952 1159 1152 1219 faciat.
1206 1160 1501 1219 Dominus
1537 1176 1781 1235 semper
1816 1157 2094 1234 providet
2120 1156 2367 1231 angelos
2406 1157 2561 1217 tales
2600 1159 2699 1216 in-

578 1259 930 1336 termedi05‚
970 1279 1079 1336 per
1120 1276 1269 1336 quos
1307 1262 1762 1319 communicatio
1802 1264 1862 1317 et
1898 1259 2257 1335 conjunctio.

790 1363 901 1419 28.
958 1360 1115 1436 Quia
1140 1360 1340 1419 multis
1370 1362 1568 1437 agitur
1603 1363 1664 1418 in
1690 1357 2080 1434 sequentibus
2118 1357 2193 1417 de
2233 1357 2701 1445 Angelis-unius

583 1469 647 1520 ct
683 1460 931 1520 alterius
967 1461 1189 1538 Regni,
1244 1459 1379 1520 ideo
1417 1461 1701 1537 specifica
1734 1460 1830 1519 hic
1867 1465 2348 1536 praetereuntur.

1080 1635 1333 1732 Quod
1387 1639 1613 1705 Tres
1668 1632 1920 1705 Coeli
1975 1635 2181 1704 sint.

787 1790 899 1846 29.
959 1787 1124 1847 Tafis
1164 1787 1333 1848 Coeli
1367 1796 1531 1863 sunt,
1585 1795 1645 1847 et
1679 1788 1766 1847 illi
1799 1789 1955 1846 inter
1990 1805 2057 1847 se
2095 1788 2545 1861 distinctissimi,
2591 1786 2701 1847 In-

580 1891 787 1948 timum
838 1905 951 1947 seu
1001 1887 1300 1963 Tertium,
1366 1889 1632 1948 Medium
1694 1906 1806 1948 seu
1857 1887 2231 1963 Secundum,
2289 1894 2350 1947 et
2409 1887 2700 1949 Ultimum

581 2007 691 2050 seu
726 1990 1019 2064 Primum3
1077 1999 1525 2067 consequuntur
1573 1990 1661 2049 illi
1696 2008 1767 2050 ac
1803 1988 2141 2048 subsistunt
2184 1991 2339 2047 inter
2373 2005 2472 2058 se,
2538 1989 2701 2048 sicut

577 2108 926 2166 supremum
961 2090 1214 2148 hominis
1258 2091 1415 2167 quod
1454 2089 1654 2166 Caput
1696 2097 1978 2163 vocatur,
2035 2089 2298 2150 Medium
2346 2089 2476 2166 ejus
2532 2089 2698 2166 quod

579 2189 844 2266 Corpus,
904 2195 964 2248 et
998 2190 1271 2248 ultimum
1309 2190 1468 2267 quod
1505 2191 1696 2266 pedes
1710 2211 1726 2267 ;
1785 2197 1844 2250 et
1879 2194 2036 2250 sicut
2072 2207 2359 2267 suprema
2395 2205 2537 2265 pars
2574 2190 2693 2248 do-

577 2306 743 2359 mus,
795 2288 993 2349 media
1041 2291 1204 2366 ejus,
1272 2298 1332 2350 et
1373 2291 1577 2349 infima
1616 2292 1780 2369 ejus:
1835 2293 1898 2349 in
1947 2291 2051 2349 tali
2102 2292 2311 2350 ordine
2367 2293 2548 2350 etiam
2600 2297 2701 2350 est

575 2384 861 2448 Divinum
896 2391 1057 2472 quod
1104 2409 1141 2449 a
1182 2392 1440 2450 Domino
1481 2393 1755 2467 procedit
1791 2400 1852 2452 et
1896 2392 2236 2467 descendit3
2291 2390 2429 2451 inde
2467 2408 2543 2450 ex
2577 2407 2693 2451 nc·

576 2493 862 2551 cessitate
903 2493 1124 2551 ordinis
1171 2490 1418 2552 Coelum
1456 2495 1822 2569 tripartitum
1869 2498 1982 2553 est.

785 2595 896 2653 30.
952 2594 1244 2653 Interiora
1277 2594 1531 2653 hominis
1571 2612 1727 2671 quae
1770 2596 1901 2670 ejus
1938 2593 2159 2653 Mentis
2203 2600 2261 2652 et
2296 2594 2496 2652 Animi
2530 2599 2694 2665 sunt,

578 2697 756 2754 etiam
792 2698 852 2753 in
891 2695 1067 2754 simili
1108 2696 1314 2755 ordine
1356 2703 1495 2754 sunt
1509 2716 1525 2770 3
1583 2703 1677 2755 est
1713 2698 1768 2756 ei
1802 2698 2091 2769 intimum,
2145 2694 2434 2768 medium,
2475 2710 2546 2753 ac
2593 2692 2694 2751 ul-

578 2797 818 2868 timum,
857 2811 996 2852 nam
1029 2797 1090 2853 in
1125 2794 1459 2865 hominem,
1493 2796 1637 2854 dum
1674 2803 1912 2855 creatus
1933 2842 1947 2867 ,
2001 2796 2199 2855 omnia
2234 2795 2454 2853 ordinis
2489 2794 2699 2854 Divini

578 2894 798 2952 collata
851 2901 1015 2963 sunt,
1067 2893 1219 2953 adeo
1270 2902 1337 2953 ut
1377 2896 1573 2953 factus
1621 2898 1698 2955 sit
1746 2897 2003 2955 Divinus
2053 2895 2197 2955 ordo
2244 2896 2307 2953 in
2355 2895 2573 2969 forma,
2628 2900 2697 2953 et

574 2994 715 3054 inde
754 2993 988 3053 coelum
1032 2996 1092 3053 in
1140 2996 1380 3054 minima
1427 2995 1623 3072 effigie
1664 2993 1819 3076 (oo):
1872 2997 2011 3057 ideo
2060 2998 2242 3056 etiam
2289 2996 2468 3056 homo
2519 3011 2691 3055 com-

579 3228 985 3299 Unusquisque
1027 3227 1197 3280 etiam
1240 3227 1312 3280 ab
1353 3229 1483 3282 aliis
1525 3240 1750 3282 amatur
1783 3241 1840 3284 et
1873 3230 2210 3284 aestimatur
2246 3229 2344 3301 qui
2384 3228 2507 3281 vult
2540 3227 2694 3280 bene

580 3314 635 3356 et
670 3305 944 3374 intelligit
978 3304 1145 3367 bene,
1190 3322 1254 3357 ac
1282 3306 1550 3372 rejicitur
1575 3317 1633 3359 et
1658 3307 2060 3376 vilipenditur,
2106 3306 2204 3377 qui
2242 3305 2515 3376 intelligit
2540 3304 2695 3357 bene

580 3390 634 3433 et
681 3398 795 3431 non
843 3381 968 3432 vult
1003 3381 1184 3442 bene,
1251 3399 1314 3433 n:
1373 3389 1542 3441 8911.
1599 3391 1805 3442 10076.
1890 3381 2056 3447 Quod
2113 3382 2287 3434 homo
2344 3381 2516 3433 etiam
2558 3389 2695 3450 post

578 3467 821 3509 mortem
867 3467 1090 3509 maneat
1131 3456 1279 3508 sicut
1312 3457 1435 3524 ejus
1478 3457 1745 3511 voluntas
1785 3468 1841 3511 et
1878 3458 2011 3511 inde
2054 3456 2177 3524 ejus
2216 3456 2575 3519 intelletum,
2633 3464 2697 3509 et

576 3532 732 3604 quod
775 3549 921 3604 quae
966 3533 1290 3586 intellectus
1331 3545 1463 3586 sunt
1517 3544 1572 3586 et
1633 3551 1749 3586 non
1804 3534 1974 3586 simul
2029 3533 2345 3586 voluntatis
2387 3544 2520 3586 tunc
2562 3547 2692 3583 eva-

576 3620 838 3671 nescant,
883 3609 1017 3680 quia
1058 3619 1175 3661 no‘n
1217 3620 1348 3661 sunt
1383 3610 1441 3661 in
1484 3609 1736 3672 homine,
1781 3627 1847 3661 n:
1893 3618 2059 3669 9069.
2091 3618 2258 3669 9071.
2303 3616 2472 3670 9282.
2516 3615 2690 3668 9386.

576 3692 855 3824 1(Πὸἓηιι)
900 3757 1063 3823 Quod
1107 3760 1257 3814 inter
1283 3761 1398 3813 duo
1440 3763 1633 3832 Regna
1668 3761 1741 3814 sit
1777 3761 2224 3814 communicatio
2259 3773 2316 3816 et
2353 3758 2691 3828 conjunctio

573 3852 681 3907 per
725 3836 1027 3887 societates
1070 3836 1402 3907 Angelicas‚
1464 3856 1612 3908 quae
1668 3848 1950 3890 vocantur
2003 3838 2289 3891 coelestes
2331 3836 2686 3909 spiritualeS‚

574 3929 643 3963 n:
687 3918 854 3971 4047.
899 3917 1070 3970 6435.
1115 3919 1284 3970 8787.
1329 3920 1498 3972 8881.
1580 3917 1667 3966 De
1725 3912 1944 3967 influxu
1984 3914 2222 3967 Domini
2280 3931 2388 3983 per
2429 3916 2693 3984 Regnum

576 3987 828 4039 coeleste
872 3986 932 4038 in
974 3987 1308 4057 spirituale,
1351 4006 1419 4040 n:
1465 3996 1635 4048 3969.
1677 3997 1845 4049 6366.

729 4062 857 4128 (oo)
903 4059 1066 4125 Quod
1111 4063 1167 4114 in
1211 4063 1500 4117 hominem
1546 4066 1738 4118 omnia
1781 4065 1978 4117 Divini
2023 4066 2261 4119 Ordinis
2302 4066 2512 4121 collata
2554 4064 2691 4130 sint,

575 4148 631 4191 et
673 4136 830 4209 quod
867 4138 1039 4189 homo
1074 4155 1104 4189 a
1139 4140 1434 4193 creatione
1463 4140 1538 4192 sit
1568 4141 1810 4193 Divinus
1851 4140 2013 4195 Ordo
2054 4141 2111 4194 in
2154 4142 2361 4205 forma,
2406 4160 2473 4193 nt
2516 4149 2692 4201 4219.

575 4221 741 4274 4220·
789 4221 959 4273 4223.
999 4221 1164 4275 4523·
1214 4223 1380 4276 4524·
1424 4224 1594 4277 5114.
1650 4224 1815 4276 5368·
1862 4225 2031 4277 6013.
2079 4227 2247 4278 6057.
2304 4227 2473 4279 6605.
2509 4226 2693 4279 6626·

574 4298 742 4351 9706.
786 4298 986 4350 10156·
1032 4298 1236 4352 10472.
1320 4292 1485 4358 Quod
1513 4293 1666 4365 apud
1710 4294 2000 4349 hominem
2047 4294 2309 4350 internus
2350 4296 2473 4364 ejus
2514 4297 2694 4350 homo
