3013 5114
671 383 976 474 DJVINUM
1019 386 1275 441 DOMINI
1314 387 1387 440 IN
1429 384 1666 443 COELO
1707 386 1843 441 EST
1881 385 2103 442 AMOR.
2414 401 2445 449 9

320 551 477 608 sicut
506 549 663 624 ignis
697 546 853 608 Solis
882 554 942 606 et
966 548 1071 606 lux
1095 546 1234 607 inde
1263 549 1320 607 in
1347 548 1587 625 mundo,
1610 548 1797 609 Amor
1821 550 1976 609 sicut
2000 550 2154 627 ignis
2176 547 2353 622 Solis,
2388 556 2447 608 et

320 648 554 709 Verum
591 648 728 707 inde
765 651 923 708 sicut
957 649 1062 707 lux
1101 666 1133 708 e
1172 648 1346 709 Sole:
1388 667 1463 709 ex
1499 648 2030 727 correspondentia
2068 651 2243 711 etiam
2279 649 2445 726 Ignis

319 748 621 827 significat
665 766 963 825 amorem,
1026 756 1086 808 et
1134 751 1270 809 Lux
1321 767 1532 808 verum
1578 750 1718 810 inde
1758 751 2094 828 procedens
2129 747 2221 831 (t).
2297 749 2445 810 Inde

316 855 600 910 constare
650 856 879 927 potest,
937 848 1116 925 quale
1168 856 1262 910 est
1294 850 1581 909 Divinum
1616 850 1844 910 Verum
1883 869 1957 911 ex
1990 851 2207 910 Divino
2244 867 2445 910 amore

316 952 564 1012 Domini
609 950 978 1028 procedenS,
1038 949 1197 1025 quod
1244 953 1324 1010 sit
1356 953 1417 1009 in
1452 967 1568 1010 sua
1604 954 1869 1010 essentia
1900 953 2187 1011 Divinum
2221 951 2444 1010 bonum

320 1052 705 1128 conjunctum
758 1051 980 1110 Divino
1035 1051 1227 1127 Vero,
1285 1056 1346 1110 et
1399 1053 1541 1127 quia
1588 1051 1969 1129 conjunctum
2006 1058 2132 1121 est,
2184 1052 2444 1110 vivificat

320 1153 522 1211 omnia
559 1152 741 1226 coeli,
797 1154 954 1211 sicut
995 1152 1160 1211 calor
1199 1152 1345 1211 solis
1397 1153 1749 1229 conjunctus
1799 1152 1918 1211 luci
1961 1155 2021 1210 in
2057 1151 2276 1211 mundo
2314 1152 2439 1210 fru-

322 1252 551 1337 ctificat
586 1254 785 1311 omnia
822 1252 1084 1324 telluris,
1138 1258 1208 1311 ut
1243 1252 1310 1310 fit
1345 1259 1617 1329 tempore
1654 1255 1814 1311 veris
1854 1258 1913 1311 et
1940 1254 2220 1328 aestatis5
2272 1253 2446 1310 aliter

320 1353 564 1432 quando
601 1354 765 1413 calor
811 1370 926 1411 non
967 1354 1320 1430 conjunctus
1360 1358 1454 1412 est
1491 1352 1645 1423 luci,
1696 1356 1783 1412 ita
1819 1353 2053 1428 quando
2089 1353 2194 1410 lux
2230 1352 2445 1428 frigida

318 1461 445 1530 est,
510 1461 656 1513 tunc
710 1460 948 1530 torpent
997 1454 1194 1511 omnia
1230 1459 1290 1512 et
1316 1455 1526 1529 jacent
1574 1455 1883 1512 exstincta.
1973 1454 2257 1512 Divinum
2296 1452 2444 1511 illud

314 1540 571 1630 bonum,
626 1555 784 1631 quod
820 1561 1233 1629 comparatum
1270 1560 1364 1613 est
1399 1553 1600 1623 calori,
1638 1560 1731 1613 est
1763 1553 1983 1612 bonum
2021 1556 2240 1612 amoris
2281 1554 2445 1630 apud

318 1656 570 1732 angelos
582 1700 599 1730 ‚
652 1672 722 1713 ac
757 1655 1044 1713 Divinum
1084 1671 1318 1729 verum,
1376 1654 1536 1730 quod
1571 1660 1979 1731 comparatum
2017 1661 2111 1713 est
2146 1653 2300 1728 luci,
2350 1660 2443 1712 est

316 1773 430 1832 per
467 1755 627 1832 quod
664 1762 723 1813 et
771 1772 844 1814 ex
881 1772 998 1829 quo
1026 1755 1250 1813 bonum
1288 1757 1527 1814 amoris.

536 1859 643 1914 14.
726 1854 904 1930 Quod
956 1855 1243 1914 Divinum
1304 1855 1365 1912 in
1421 1854 1604 1914 Coelo
1619 1900 1636 1928 ,
1720 1855 1878 1930 quod
1940 1857 2082 1915 facit
2131 1854 2307 1928 illud,
2365 1857 2443 1913 sit

319 1956 536 2031 Amor,
595 1962 688 2015 est
742 1958 888 2031 quia
937 1958 1124 2014 Amor
1188 1959 1282 2013 est
1327 1954 1663 2030 conjunctio
1722 1956 2081 2031 spiritualis,
2137 1955 2445 2030 conjungit

316 2058 423 2117 ille
479 2057 727 2132 angelos
772 2057 1059 2131 Domino,
1119 2060 1178 2114 et
1224 2055 1531 2132 conjungit
1581 2055 1716 2114 illos
1763 2058 1918 2114 inter
1961 2073 2029 2115 se
2079 2061 2319 2129 mutuo3
2375 2070 2445 2112 ac

316 2162 406 2217 ita
449 2158 781 2234 conjungit,
821 2162 890 2215 ut
927 2173 1132 2216 omnes
1170 2157 1287 2214 sint
1321 2158 1478 2216 sicut
1515 2174 1698 2214 unum
1735 2159 1795 2216 in
1831 2163 2159 2234 conspectu
2183 2155 2442 2214 Domini.

318 2260 651 2318 Praeterea
697 2275 864 2316 amor
912 2263 1006 2317 est
1051 2259 1250 2334 ipsum
1297 2257 1451 2316 Esse
1499 2259 1661 2316 vitae
1699 2260 1913 2334 cuique
1928 2279 1944 2335 3
2001 2274 2185 2335 quare
2227 2272 2302 2314 ex
2342 2255 2445 2341 illo

319 2364 416 2419 est
443 2361 571 2417 vita
601 2357 846 2434 angelo,
906 2364 966 2417 et
1017 2374 1251 2435 quoque
1304 2362 1398 2417 est
1436 2359 1563 2417 vita
1608 2358 1860 2418 homini:
1917 2359 2076 2436 quod
2116 2376 2189 2417 ex
2234 2349 2437 2415 amore

320 2461 400 2519 sit
451 2460 719 2517 intimum
770 2459 954 2518 vitale
1005 2458 1286 2532 hominiS,
1358 2459 1613 2533 quisque
1649 2460 1805 2518 scire
1841 2465 2044 2536 potest
2079 2460 2180 2534 qui
2217 2473 2446 2532 expen-

321 2562 442 2637 dit3
499 2578 573 2620 ex
607 2562 956 2637 praesentia
992 2562 1150 2619 enim
1200 2560 1331 2636 ejus
1381 2557 1661 2633 calescit,
1717 2576 1790 2619 ex
1836 2559 2112 2619 absentia
2151 2557 2281 2634 ejus
2333 2556 2442 2615 fri-

318 2664 540 2741 gescit,
581 2668 641 2720 et
677 2678 752 2719 ex
790 2662 1129 2737 privatione
1169 2660 1300 2735 ejus
1330 2659 1615 2717 emoritur
1645 2654 1753 2739 (u).
1829 2656 1951 2718 Sed
1985 2657 2293 2717 sciendum
2332 2664 2441 2731 est,

322 2763 488 2840 quod
531 2761 668 2820 talis
704 2762 831 2821 vita
867 2763 1086 2837 cuique
1127 2761 1237 2829 sit,
1291 2759 1486 2835 qualis
1526 2761 1583 2818 ei
1618 2776 1801 2819 amor.

370 2917 421 2954 Α,
535 2864 651 2942 152
697 2860 852 2921 Sunt
883 2861 1010 2921 bini
1057 2876 1294 2920 amores
1333 2860 1597 2919 distincti
1631 2862 1690 2919 in
1727 2862 1926 2936 coelo,
1982 2862 2170 2921 Amor
2213 2862 2273 2919 in
2308 2860 2442 2919 Do-

306 2957 649 3022 'm'inumet
683 2962 877 3022 Amor
922 2978 1069 3038 erga
1103 2963 1471 3038 proximum,
1525 2963 1586 3019 in
1624 2961 1829 3020 intimo
1874 2980 1985 3022 seu
2032 2962 2207 3020 tertio
2262 2959 2446 3019 Coelo

322 3071 421 3124 est
462 3064 649 3123 Amor
682 3064 745 3120 in
785 3061 1141 3136 Dominum,
1212 3067 1273 3120 et
1310 3064 1372 3119 in
1411 3062 1675 3121 secundo
1726 3079 1837 3121 seu
1891 3063 2085 3134 medio
2140 3061 2309 3120 coelo
2354 3067 2447 3120 est

319 3182 489 3223 amor
535 3181 680 3240 erga
718 3164 1054 3239 proximum
1066 3182 1084 3238 3
1138 3169 1394 3237 uterque
1440 3163 1716 3238 procedit
1752 3182 1788 3221 a
1821 3165 2115 3233 Domino,
2168 3180 2238 3220 ac
2274 3169 2442 3220 uter-

321 3282 441 3342 que
477 3264 622 3322 facit
671 3262 925 3321 coelum.
1017 3261 1331 3339 Quomodo
1380 3262 1506 3320 bini
1541 3280 1778 3322 amores
1825 3279 1893 3323 se
1930 3264 2329 3340 distinguunt,
2389 3269 2448 3320 et

321 3365 626 3442 quomodo
664 3380 733 3422 se
770 3363 1165 3440 conjungunt,
1221 3368 1392 3438 patet
1425 3365 1483 3420 in
1520 3364 1839 3422 manifesta
1874 3364 2009 3423 luce
2044 3365 2105 3422 in
2142 3361 2344 3436 Coelo,
2385 3367 2447 3418 at

318 3482 438 3525 non
476 3466 593 3523 nisi
631 3481 811 3539 quam
849 3464 1106 3522 obscure
1143 3465 1204 3521 in
1240 3462 1488 3521 mundo:
1542 3466 1604 3522 in
1634 3463 1817 3523 Coelo
1854 3482 1966 3541 per
2002 3480 2203 3521 amare
2231 3462 2444 3519 Domi-

319 3583 466 3646 num
499 3582 619 3624 non
654 3563 1005 3641 intelligitur
1031 3580 1234 3622 amare
1271 3562 1474 3640 Ipsum
1510 3564 1707 3639 quoad
1732 3581 2070 3641 personam,
2110 3562 2218 3621 scd
2245 3579 2445 3620 amare

320 3679 449 3724 Lagis,-

420 3725 550 3831 *3(t)
588 3764 760 3844 Quod
791 3764 949 3836 Ignis
983 3764 1044 3816 in
1084 3764 1287 3818 Verbo
1325 3762 1614 3834 significet
1648 3780 1906 3816 amorem
1944 3763 2003 3816 in
2036 3775 2287 3836 utroque
2324 3781 2446 3815 sen-

319 3801 421 3904 sui
464 3859 533 3892 n:
577 3848 707 3901 934.
753 3848 922 3901 4906.
970 3847 1139 3900 5215.
1221 3838 1394 3916 Quod
1433 3841 1589 3911 Ignis
1632 3856 1794 3892 sacer
1828 3850 1886 3893 et
1925 3840 2194 3894 coelestis
2236 3839 2446 3912 signifi·

319 3926 414 3970 cet
458 3916 733 3969 Divinum
774 3933 1070 3978 amorem,
1126 3926 1182 3969 ct
1223 3933 1452 3969 omnem
1495 3915 1865 3970 affectionem
1907 3934 2053 3989 quae
2096 3916 2254 3970 illius
2293 3933 2446 3968 amo-

316 3991 434 4055 ris»,
479 4010 548 4044 n:
594 4000 722 4053 934.
769 3999 938 4053 6314.
983 4000 1152 4052 6852.
1218 3990 1388 4069 Quod
1421 3993 1544 4045 Lux
1578 3992 1712 4045 inde
1756 3992 2039 4066 significet
2074 4009 2278 4047 verum
2312 4008 2448 4063 pro-

317 4066 528 4120 cedens
578 4086 647 4121 οι
679 4066 839 4121 bono
877 4067 1125 4131 amoris,
1186 4077 1243 4120 et
1281 4069 1403 4120 Lux
1448 4068 1505 4120 in
1552 4067 1733 4121 Coelo
1775 4067 2051 4122 Divinum
2094 4071 2333 4130 Verum,
2378 4085 2444 4118 n:

321 4150 701 4208 33953485·
749 4152 917 4204 3636.
963 4150 1130 4203 3643·
1176 4150 1345 4203 3993·
1406 4151 1573 4204 4302·
1634 4152 1802 4205 4413.
1848 4152 2016 4205 4415.
2062 4152 2229 4205 9548.
2271 4150 2439 4203 9684.
2551 4175 2554 4178 =

477 4221 563 4285 (u)
609 4218 780 4297 Quod
814 4237 981 4273 amor
1015 4220 1092 4272 sit
1128 4219 1276 4290 ignis
1313 4219 1488 4283 vitae,
1536 4230 1593 4273 et
1626 4220 1784 4292 quod
1828 4222 1952 4292 ipsa
1993 4220 2112 4274 vita
2146 4219 2451 4295 actualiter

314 4293 451 4348 inde
495 4295 598 4360 sit,
640 4309 712 4357 n:
753 4303 924 4359 4906.
969 4302 1135 4358 5071.
1177 4303 1344 4356 6032.
1390 4303 1555 4357 6314·
