<?xml version="1.0" encoding="UTF-8"?>
<!DOCTYPE html PUBLIC "-//W3C//DTD XHTML 1.0 Transitional//EN"
    "http://www.w3.org/TR/xhtml1/DTD/xhtml1-transitional.dtd">
<html xmlns="http://www.w3.org/1999/xhtml" xml:lang="en" lang="en">
 <head>
  <title>
</title>
<meta http-equiv="Content-Type" content="text/html;charset=utf-8" />
  <meta name='ocr-system' content='tesseract 3.04.00' />
  <meta name='ocr-capabilities' content='ocr_page ocr_carea ocr_par ocr_line ocrx_word'/>
</head>
<body>
  <div class='ocr_page' id='page_1' title='image "./decoeloetejusmi00tafegoog_0187.png"; bbox 0 0 3013 5114; ppageno 0'>
   <div class='ocr_carea' id='block_1_1' title="bbox 372 427 2449 496">
    <p class='ocr_par' dir='ltr' id='par_1_1' title="bbox 372 427 2449 496">
     <span class='ocr_line' id='line_1_1' title="bbox 372 427 2449 496; baseline 0.007 -13"><span class='ocrx_word' id='word_1_1' title='bbox 372 428 651 484; x_wconf 78' lang='lat' dir='ltr'>GENTES</span> <span class='ocrx_word' id='word_1_2' title='bbox 688 427 820 482; x_wconf 87' lang='lat' dir='ltr'>SEU</span> <span class='ocrx_word' id='word_1_3' title='bbox 855 427 1118 484; x_wconf 84' lang='lat' dir='ltr'>POPULI</span> <span class='ocrx_word' id='word_1_4' title='bbox 1156 427 1408 486; x_wconf 86' lang='lat' dir='ltr'>EXTRA</span> <span class='ocrx_word' id='word_1_5' title='bbox 1446 428 1852 485; x_wconf 77' lang='lat' dir='ltr'><strong>EUCLESIAM</strong></span> <span class='ocrx_word' id='word_1_6' title='bbox 1885 430 1958 485; x_wconf 85' lang='lat' dir='ltr'>IN</span> <span class='ocrx_word' id='word_1_7' title='bbox 2006 431 2260 492; x_wconf 81' lang='lat' dir='ltr'><strong>COELO.</strong></span> <span class='ocrx_word' id='word_1_8' title='bbox 2343 443 2449 496; x_wconf 87' lang='grc'>181</span> 
     </span>
    </p>
   </div>
   <div class='ocr_carea' id='block_1_2' title="bbox 331 584 2452 965">
    <p class='ocr_par' dir='ltr' id='par_1_2' title="bbox 331 584 2452 965">
     <span class='ocr_line' id='line_1_2' title="bbox 331 584 2452 671; baseline 0.002 -22"><span class='ocrx_word' id='word_1_9' title='bbox 331 592 461 650; x_wconf 84' lang='lat' dir='ltr'>fluit</span> <span class='ocrx_word' id='word_1_10' title='bbox 487 592 547 648; x_wconf 89' lang='lat' dir='ltr'>in</span> <span class='ocrx_word' id='word_1_11' title='bbox 583 590 910 664; x_wconf 80' lang='lat' dir='ltr'>exteriora3</span> <span class='ocrx_word' id='word_1_12' title='bbox 950 589 1208 648; x_wconf 84' lang='lat' dir='ltr'>mundus</span> <span class='ocrx_word' id='word_1_13' title='bbox 1248 597 1449 647; x_wconf 78' lang='lat' dir='ltr'><strong>autom</strong></span> <span class='ocrx_word' id='word_1_14' title='bbox 1488 590 1563 647; x_wconf 85' lang='lat' dir='ltr'>ab</span> <span class='ocrx_word' id='word_1_15' title='bbox 1598 591 1865 649; x_wconf 84' lang='lat' dir='ltr'>inferiori</span> <span class='ocrx_word' id='word_1_16' title='bbox 1900 592 2117 666; x_wconf 86' lang='lat' dir='ltr'>influit,</span> <span class='ocrx_word' id='word_1_17' title='bbox 2168 584 2228 652; x_wconf 69' lang='grc' dir='ltr'>οὲ</span> <span class='ocrx_word' id='word_1_18' title='bbox 2257 598 2452 671; x_wconf 81' lang='lat' dir='ltr'>aperit</span> 
     </span>
     <span class='ocr_line' id='line_1_3' title="bbox 333 690 2451 764; baseline 0.002 -14"><span class='ocrx_word' id='word_1_19' title='bbox 333 693 650 758; x_wconf 80' lang='lat' dir='ltr'><strong>exteriora,</strong></span> <span class='ocrx_word' id='word_1_20' title='bbox 688 691 797 749; x_wconf 81' lang='lat' dir='ltr'>sed</span> <span class='ocrx_word' id='word_1_21' title='bbox 837 708 953 748; x_wconf 86' lang='lat' dir='ltr'>non</span> <span class='ocrx_word' id='word_1_22' title='bbox 990 692 1272 749; x_wconf 83' lang='lat' dir='ltr'>interiora</span> <span class='ocrx_word' id='word_1_23' title='bbox 1285 710 1299 764; x_wconf 83' lang='lat'><em>3</em></span> <span class='ocrx_word' id='word_1_24' title='bbox 1341 708 1477 748; x_wconf 86' lang='lat' dir='ltr'>nam</span> <span class='ocrx_word' id='word_1_25' title='bbox 1514 690 1780 748; x_wconf 85' lang='lat' dir='ltr'>Influxus</span> <span class='ocrx_word' id='word_1_26' title='bbox 1814 711 1936 761; x_wconf 66' lang='lat' dir='ltr'>non⁴</span> <span class='ocrx_word' id='word_1_27' title='bbox 1958 692 2135 752; x_wconf 85' lang='lat' dir='ltr'>datur</span> <span class='ocrx_word' id='word_1_28' title='bbox 2172 711 2203 753; x_wconf 81' lang='lat' dir='ltr'>e</span> <span class='ocrx_word' id='word_1_29' title='bbox 2232 695 2451 754; x_wconf 89' lang='lat' dir='ltr'><strong>mundo</strong></span> 
     </span>
     <span class='ocr_line' id='line_1_4' title="bbox 331 790 2449 870; baseline 0.002 -20"><span class='ocrx_word' id='word_1_30' title='bbox 331 790 596 863; x_wconf 82' lang='lat' dir='ltr'>naturali</span> <span class='ocrx_word' id='word_1_31' title='bbox 629 794 689 849; x_wconf 89' lang='lat' dir='ltr'>in</span> <span class='ocrx_word' id='word_1_32' title='bbox 725 791 1130 867; x_wconf 82' lang='lat' dir='ltr'>spiritualem,</span> <span class='ocrx_word' id='word_1_33' title='bbox 1185 791 1294 848; x_wconf 87' lang='lat' dir='ltr'>sed</span> <span class='ocrx_word' id='word_1_34' title='bbox 1333 809 1362 849; x_wconf 88' lang='lat' dir='ltr'>e</span> <span class='ocrx_word' id='word_1_35' title='bbox 1401 792 1619 850; x_wconf 90' lang='lat' dir='ltr'><strong>mundo</strong></span> <span class='ocrx_word' id='word_1_36' title='bbox 1657 793 1953 868; x_wconf 81' lang='lat' dir='ltr'>spirituali</span> <span class='ocrx_word' id='word_1_37' title='bbox 1989 795 2049 853; x_wconf 91' lang='lat' dir='ltr'>in</span> <span class='ocrx_word' id='word_1_38' title='bbox 2083 797 2420 855; x_wconf 82' lang='lat' dir='ltr'>naturalem</span> <span class='ocrx_word' id='word_1_39' title='bbox 2433 817 2449 870; x_wconf 85' lang='lat'>3</span> 
     </span>
     <span class='ocr_line' id='line_1_5' title="bbox 334 892 2449 965; baseline 0.003 -14"><span class='ocrx_word' id='word_1_40' title='bbox 334 899 705 965; x_wconf 82' lang='lat' dir='ltr'>quapropter</span> <span class='ocrx_word' id='word_1_41' title='bbox 739 895 791 950; x_wconf 81' lang='lat' dir='ltr'>si</span> <span class='ocrx_word' id='word_1_42' title='bbox 831 909 950 950; x_wconf 90' lang='lat' dir='ltr'>non</span> <span class='ocrx_word' id='word_1_43' title='bbox 985 892 1220 951; x_wconf 82' lang='lat' dir='ltr'><strong>coelum</strong></span> <span class='ocrx_word' id='word_1_44' title='bbox 1256 893 1542 965; x_wconf 83' lang='lat' dir='ltr'>recipitur</span> <span class='ocrx_word' id='word_1_45' title='bbox 1578 893 1774 965; x_wconf 86' lang='lat' dir='ltr'>simul,</span> <span class='ocrx_word' id='word_1_46' title='bbox 1819 894 2173 953; x_wconf 83' lang='lat' dir='ltr'>clauduntur</span> <span class='ocrx_word' id='word_1_47' title='bbox 2200 899 2449 957; x_wconf 85' lang='lat' dir='ltr'>interio-</span> 
     </span>
    </p>
   </div>
   <div class='ocr_carea' id='block_1_3' title="bbox 320 3876 760 3897">
    <p class='ocr_par' dir='ltr' id='par_1_3' title="bbox 320 3876 760 3897">
     <span class='ocr_line' id='line_1_6' title="bbox 320 3876 760 3897; baseline 0 0"><span class='ocrx_word' id='word_1_48' title='bbox 320 3876 760 3897; x_wconf 95' lang='lat' dir='ltr'> </span> 
     </span>
    </p>
   </div>
   <div class='ocr_carea' id='block_1_4' title="bbox 333 3948 2461 4176">
    <p class='ocr_par' dir='ltr' id='par_1_4' title="bbox 333 3948 2461 4176">
     <span class='ocr_line' id='line_1_7' title="bbox 488 3948 2459 4031; baseline -0.003 -25"><span class='ocrx_word' id='word_1_49' title='bbox 488 3957 618 4019; x_wconf 89' lang='lat' dir='ltr'>(nn)</span> <span class='ocrx_word' id='word_1_50' title='bbox 680 3954 850 4031; x_wconf 80' lang='lat' dir='ltr'><strong>Quod</strong></span> <span class='ocrx_word' id='word_1_51' title='bbox 901 3954 1056 4006; x_wconf 85' lang='lat' dir='ltr'>inter</span> <span class='ocrx_word' id='word_1_52' title='bbox 1097 3952 1314 4005; x_wconf 83' lang='lat' dir='ltr'><strong>bonum</strong></span> <span class='ocrx_word' id='word_1_53' title='bbox 1360 3961 1415 4003; x_wconf 83' lang='lat' dir='ltr'>et</span> <span class='ocrx_word' id='word_1_54' title='bbox 1457 3966 1660 4003; x_wconf 82' lang='lat' dir='ltr'>verum</span> <span class='ocrx_word' id='word_1_55' title='bbox 1704 3951 1776 4001; x_wconf 86' lang='lat' dir='ltr'>sit</span> <span class='ocrx_word' id='word_1_56' title='bbox 1820 3948 2001 4002; x_wconf 81' lang='lat' dir='ltr'>instar</span> <span class='ocrx_word' id='word_1_57' title='bbox 2040 3950 2329 4022; x_wconf 82' lang='lat' dir='ltr'>conjugii,</span> <span class='ocrx_word' id='word_1_58' title='bbox 2393 3969 2459 4003; x_wconf 86' lang='lat' dir='ltr'>n:</span> 
     </span>
     <span class='ocr_line' id='line_1_8' title="bbox 335 4026 2461 4107; baseline -0.002 -25"><span class='ocrx_word' id='word_1_59' title='bbox 335 4037 504 4090; x_wconf 82' lang='grc'><strong>1094.</strong></span> <span class='ocrx_word' id='word_1_60' title='bbox 548 4038 716 4090; x_wconf 80' lang='lat'><strong>2173.</strong></span> <span class='ocrx_word' id='word_1_61' title='bbox 763 4038 930 4091; x_wconf 78' lang='lat'><strong>2508.</strong></span> <span class='ocrx_word' id='word_1_62' title='bbox 997 4028 1170 4107; x_wconf 76' lang='lat' dir='ltr'><strong>Quod</strong></span> <span class='ocrx_word' id='word_1_63' title='bbox 1210 4028 1428 4080; x_wconf 85' lang='lat' dir='ltr'><strong>bonum</strong></span> <span class='ocrx_word' id='word_1_64' title='bbox 1472 4036 1530 4079; x_wconf 81' lang='lat' dir='ltr'>et</span> <span class='ocrx_word' id='word_1_65' title='bbox 1570 4044 1775 4079; x_wconf 83' lang='lat' dir='ltr'>verum</span> <span class='ocrx_word' id='word_1_66' title='bbox 1820 4026 1876 4077; x_wconf 85' lang='lat' dir='ltr'>in</span> <span class='ocrx_word' id='word_1_67' title='bbox 1916 4037 2204 4097; x_wconf 82' lang='lat' dir='ltr'>perpetuo</span> <span class='ocrx_word' id='word_1_68' title='bbox 2248 4036 2461 4080; x_wconf 83' lang='lat' dir='ltr'><strong>conatu</strong></span> 
     </span>
     <span class='ocr_line' id='line_1_9' title="bbox 333 4101 2458 4176; baseline -0.002 -18"><span class='ocrx_word' id='word_1_69' title='bbox 333 4104 766 4171; x_wconf 84' lang='lat' dir='ltr'><strong>conjunctionis</strong></span> <span class='ocrx_word' id='word_1_70' title='bbox 809 4108 955 4170; x_wconf 83' lang='lat' dir='ltr'>sint,</span> <span class='ocrx_word' id='word_1_71' title='bbox 1021 4117 1077 4159; x_wconf 84' lang='lat' dir='ltr'>et</span> <span class='ocrx_word' id='word_1_72' title='bbox 1133 4104 1289 4176; x_wconf 88' lang='lat' dir='ltr'><strong>quod</strong></span> <span class='ocrx_word' id='word_1_73' title='bbox 1343 4103 1563 4156; x_wconf 89' lang='lat' dir='ltr'><strong>bonum</strong></span> <span class='ocrx_word' id='word_1_74' title='bbox 1625 4103 1918 4156; x_wconf 80' lang='lat' dir='ltr'>desideret</span> <span class='ocrx_word' id='word_1_75' title='bbox 1970 4120 2172 4155; x_wconf 82' lang='lat' dir='ltr'>verum</span> <span class='ocrx_word' id='word_1_76' title='bbox 2237 4101 2458 4168; x_wconf 80' lang='lat' dir='ltr'>eteius</span> 
     </span>
    </p>
   </div>
   <div class='ocr_carea' id='block_1_5' title="bbox 327 4176 2456 4329">
    <p class='ocr_par' dir='ltr' id='par_1_5' title="bbox 327 4176 2456 4329">
     <span class='ocr_line' id='line_1_10' title="bbox 327 4176 2456 4246; baseline -0.003 -12"><span class='ocrx_word' id='word_1_77' title='bbox 327 4181 840 4246; x_wconf 78' lang='lat' dir='ltr'><strong>conjunctionem,</strong></span> <span class='ocrx_word' id='word_1_78' title='bbox 887 4202 962 4235; x_wconf 77' lang='lat' dir='ltr'>n:</span> <span class='ocrx_word' id='word_1_79' title='bbox 1009 4190 1177 4242; x_wconf 80' lang='grc'><strong>9206.</strong></span> <span class='ocrx_word' id='word_1_80' title='bbox 1213 4189 1382 4240; x_wconf 81' lang='grc'><strong>9207.</strong></span> <span class='ocrx_word' id='word_1_81' title='bbox 1423 4186 1594 4240; x_wconf 83' lang='grc'><strong>9495.</strong></span> <span class='ocrx_word' id='word_1_82' title='bbox 1678 4176 1981 4244; x_wconf 84' lang='lat' dir='ltr'><strong>Quomodo</strong></span> <span class='ocrx_word' id='word_1_83' title='bbox 2023 4178 2086 4232; x_wconf 81' lang='lat' dir='ltr'>fit</span> <span class='ocrx_word' id='word_1_84' title='bbox 2119 4176 2456 4245; x_wconf 79' lang='lat' dir='ltr'><strong>conjunctio</strong></span> 
     </span>
     <span class='ocr_line' id='line_1_11' title="bbox 327 4257 2456 4329; baseline -0.004 -18"><span class='ocrx_word' id='word_1_85' title='bbox 327 4257 476 4311; x_wconf 84' lang='lat' dir='ltr'>boni</span> <span class='ocrx_word' id='word_1_86' title='bbox 523 4269 578 4311; x_wconf 87' lang='lat' dir='ltr'>et</span> <span class='ocrx_word' id='word_1_87' title='bbox 617 4260 778 4321; x_wconf 81' lang='lat' dir='ltr'>veri,</span> <span class='ocrx_word' id='word_1_88' title='bbox 824 4269 880 4312; x_wconf 85' lang='lat' dir='ltr'>et</span> <span class='ocrx_word' id='word_1_89' title='bbox 920 4258 1072 4328; x_wconf 82' lang='lat' dir='ltr'>apud</span> <span class='ocrx_word' id='word_1_90' title='bbox 1117 4275 1293 4329; x_wconf 63' lang='lat' dir='ltr'><strong>qum,</strong></span> <span class='ocrx_word' id='word_1_91' title='bbox 1341 4274 1409 4308; x_wconf 82' lang='lat' dir='ltr'>n:</span> <span class='ocrx_word' id='word_1_92' title='bbox 1457 4263 1626 4315; x_wconf 80' lang='lat'><strong>3834.</strong></span> <span class='ocrx_word' id='word_1_93' title='bbox 1658 4263 1823 4315; x_wconf 77' lang='lat'>3843.</span> <span class='ocrx_word' id='word_1_94' title='bbox 1866 4262 2034 4313; x_wconf 86' lang='grc'><strong>4096.</strong></span> <span class='ocrx_word' id='word_1_95' title='bbox 2079 4263 2245 4315; x_wconf 84' lang='grc'>4097,</span> <span class='ocrx_word' id='word_1_96' title='bbox 2290 4258 2456 4313; x_wconf 79' lang='grc'><strong>4301.</strong></span> 
     </span>
    </p>
   </div>
   <div class='ocr_carea' id='block_1_6' title="bbox 329 4327 2020 4397">
    <p class='ocr_par' dir='ltr' id='par_1_6' title="bbox 329 4327 2020 4397">
     <span class='ocr_line' id='line_1_12' title="bbox 329 4327 2020 4397; baseline -0.007 -1"><span class='ocrx_word' id='word_1_97' title='bbox 329 4340 502 4396; x_wconf 70' lang='grc'><strong>4345.</strong></span> <span class='ocrx_word' id='word_1_98' title='bbox 549 4342 715 4396; x_wconf 79' lang='lat'><strong>4353.</strong></span> <span class='ocrx_word' id='word_1_99' title='bbox 750 4341 916 4397; x_wconf 79' lang='grc'><strong>4364.</strong></span> <span class='ocrx_word' id='word_1_100' title='bbox 952 4340 1119 4395; x_wconf 80' lang='lat'><strong>4368.</strong></span> <span class='ocrx_word' id='word_1_101' title='bbox 1154 4341 1321 4394; x_wconf 80' lang='lat'><strong>5365.</strong></span> <span class='ocrx_word' id='word_1_102' title='bbox 1361 4340 1506 4392; x_wconf 74' lang='lat'><strong>7623</strong></span> <span class='ocrx_word' id='word_1_103' title='bbox 1535 4327 1605 4385; x_wconf 79' lang='lat' dir='ltr'>ad</span> <span class='ocrx_word' id='word_1_104' title='bbox 1642 4339 1808 4393; x_wconf 76' lang='lat'><strong>7627.</strong></span> <span class='ocrx_word' id='word_1_105' title='bbox 1852 4333 2020 4390; x_wconf 79' lang='lat'><strong>9258.</strong></span> 
     </span>
    </p>
   </div>
  </div>
 </body>
</html>
