3013 5114
524 431 621 488 DE
662 431 996 488 SECUNDO
1041 420 1271 487 S‘TATU
1313 431 1607 487 HOMINIS
1649 430 1832 489 POST
1871 430 2204 493 MORTEM.
2325 445 2432 497 305

312 611 466 673 quae
503 593 579 654 de
614 595 895 669 internis,
937 612 1094 671 quae
1130 600 1274 655 sunt
1306 612 1454 655 vera
1500 599 1562 654 et
1592 593 1751 654 bona
1784 594 2096 656 Ecclesiae
2134 601 2194 657 et
2234 595 2403 658 Coeli
2414 617 2435 674 3

309 697 461 757 haec
498 694 742 773 quidem
777 695 1060 772 audiunt,
1111 694 1221 755 sed
1255 712 1373 754 non
1408 711 1544 755 cum
1580 699 1907 757 attentione
1944 704 2006 756 et
2038 696 2290 775 gaudio:
2338 699 2434 757 in-

310 801 738 859 ternoscuntur
773 798 952 856 etiam
991 814 1102 874 per
1134 796 1227 871 id,
1285 796 1445 874 quod
1478 796 1826 873 frequenter
1867 813 1935 857 se
1972 804 2323 859 convertant
2357 797 2436 858 ad

311 903 513 959 certas
553 897 801 974 plagas,
851 904 911 957 et
950 914 1085 957 cum
1132 897 1246 956 sibi
1282 897 1474 958 relicti
1515 902 1679 972 sunt,
1737 897 1896 975 quod
1933 905 2073 958 eant
2105 900 2236 959 vias
2274 916 2431 977 quae

310 1000 456 1061 illuc
496 998 748 1059 tendunt
760 1020 776 1077 3
835 1017 910 1059 ex
946 1001 1336 1058 conversione
1373 998 1447 1057 ad
1483 998 1737 1075 plagas,
1793 1006 1855 1057 et
1893 1016 1969 1060 ex
2005 1000 2433 1079 progressione

311 1117 427 1178 per
461 1101 621 1174 vias,
674 1103 943 1161 noscitur
978 1099 1173 1177 qualis
1212 1107 1306 1158 est
1340 1115 1510 1159 amor
1548 1101 1654 1175 qui
1693 1099 1873 1159 ducit.

471 1202 636 1259 497.
694 1200 917 1261 Omnes
958 1201 1202 1277 spiritus
1241 1202 1342 1278 qui
1377 1198 1611 1259 alluunt
1648 1217 1682 1259 e
1717 1199 1968 1272 mund0‚
2019 1201 2259 1279 quidem
2294 1199 2430 1261 alli-

310 1304 437 1381 gati
485 1306 627 1362 sunt
670 1302 908 1361 cuidam
956 1303 1230 1360 societati
1280 1304 1340 1359 in
1385 1300 1583 1376 coelo,
1639 1300 1738 1359 vel
1778 1301 2013 1360 cuidam
2054 1304 2332 1362 societati
2373 1303 2438 1363 in

312 1405 578 1474 inferno,
632 1401 743 1461 sed
777 1403 952 1462 modo
991 1401 1188 1480 quoad
1226 1404 1539 1477 interiora,
1596 1408 1692 1461 ast
1723 1403 2009 1461 interiora
2042 1402 2192 1462 nulli
2223 1408 2436 1479 patent

309 1504 596 1587 quamdiu
636 1505 696 1561 in
735 1503 1129 1563 exterioribus
1170 1510 1340 1573 sunt,
1374 1520 1514 1561 nam
1551 1508 1800 1562 externa
1834 1508 2046 1580 tegunt
2081 1509 2141 1564 et
2176 1504 2434 1564 abscon-

312 1605 462 1663 dunt
494 1608 762 1680 interna,
820 1606 1075 1663 maxime
1129 1603 1293 1680 apud
1337 1604 1472 1664 illos
1514 1604 1617 1679 qui
1651 1605 1710 1662 in
1747 1606 2018 1664 interiori
2065 1603 2224 1664 malo
2260 1610 2399 1664 sunt
2413 1625 2429 1680 3

308 1704 421 1765 sed
476 1712 692 1782 postea
744 1706 1060 1764 manifeste
1124 1711 1447 1780 apparent,
1523 1721 1656 1762 cum
1708 1708 1769 1765 in
1817 1705 2147 1765 secundum
2205 1711 2435 1766 statum

308 1807 586 1883 veniunt3
642 1810 784 1882 quia
818 1812 960 1866 tunc
998 1806 1349 1882 aperiuntur
1381 1806 1667 1864 interiora
1704 1822 1909 1865 eorum
1929 1850 1945 1880 ,
2004 1823 2075 1866 ac
2112 1808 2430 1883 sopiuntur

308 1909 626 1966 exteriora.
2457 1898 2460 1899 ⁷

467 2009 631 2067 498.
690 2006 898 2067 Status
940 2006 1036 2065 hic
1071 2008 1300 2083 primus
1334 2006 1590 2066 hominis
1639 2012 1781 2084 post
1816 2011 2066 2067 mortem
2101 2005 2279 2064 durat
2313 2004 2430 2066 ali-

311 2107 530 2186 quibus
563 2126 674 2186 per
712 2108 871 2183 dieS,
926 2107 1226 2185 aliquibus
1261 2126 1374 2185 per
1408 2124 1675 2183 menses,
1733 2112 1794 2166 et
1829 2106 2130 2185 aliquibus
2168 2124 2281 2184 per
2317 2123 2430 2166 an·-

306 2226 476 2282 num,
532 2215 594 2269 et
643 2226 781 2268 raro
831 2209 1012 2268 alicui
1061 2208 1219 2271 ultra
1266 2227 1515 2285 annum;
1595 2208 1845 2286 singulis
1905 2225 2039 2267 cum
2092 2207 2431 2269 differentia

307 2310 635 2370 secundum
699 2310 1043 2370 interiorum
1109 2311 1590 2370 concordantiam
1653 2316 1714 2370 et
1774 2294 2241 2370 discordantiam
2293 2326 2432 2370 cum

306 2410 735 2471 exterioribus:
790 2411 954 2487 apud
989 2414 1448 2488 unumquemvis
1495 2414 1652 2471 enim
1702 2412 2001 2470 exteriora
2042 2414 2101 2468 et
2144 2411 2433 2469 interiora

305 2529 490 2571 unum
526 2518 725 2588 agent,
767 2517 827 2573 et
862 2511 1433 2593 correspondebunt,
1481 2528 1598 2569 non
1632 2509 1776 2569 licet
1812 2509 1993 2569 alicui
2028 2510 2086 2567 in
2124 2506 2428 2586 spirituali

307 2613 527 2672 mundo
563 2613 739 2672 aliter
779 2615 1042 2689 cogitare
1083 2618 1143 2671 et
1178 2611 1337 2680 velle
1373 2628 1445 2671 ac
1483 2609 1660 2669 aliter
1692 2609 1860 2685 loqui
1896 2614 1958 2667 et
1991 2625 2205 2686 agere,
2258 2610 2429 2686 quis-

306 2711 425 2793 que
459 2714 543 2773 ibi
579 2716 690 2773 erit
726 2731 875 2773 suae
911 2713 1241 2772 affectionis
1278 2728 1388 2770 seu
1424 2713 1522 2772 sui
1557 2711 1778 2769 amoris
1815 2709 2075 2786 effigieS‚
2109 2707 2246 2768 ideo
2276 2725 2431 2786 qua-

303 2815 379 2874 lis
418 2817 605 2875 estin
641 2814 1023 2874 interioribus
1077 2813 1217 2871 talis
1270 2815 1384 2872 erit
1432 2814 1492 2870 in
1532 2809 1959 2886 exterioribus;
2014 2826 2202 2887 quare
2257 2815 2432 2870 exte-

302 2919 463 2976 riora
490 2917 736 2993 spiritus
766 2917 1026 2998 primum
1061 2919 1414 2990 retegtmtur
1450 2918 1512 2971 et
1536 2910 1887 2988 rediguntur
1921 2912 1982 2970 in
2018 2910 2311 2983 ordinem,
2364 2915 2434 2970 ut

304 3020 573 3077 serviant
598 3032 708 3094 pro
742 3016 926 3094 plano
963 3013 1469 3092 correspondente
1504 3011 1904 3073 interioribus.

302 3188 424 3257 De
480 3160 1227 3256 Secundo'Statu
1297 3181 1694 3254 hominis
1758 3196 1966 3279 post
2032 3196 2423 3251 mortem.

408 3301 423 3320 ⁸
459 3321 629 3381 499.
704 3316 1016 3379 Secundus
1074 3314 1282 3377 Status
1343 3315 1600 3376 hominis
1653 3320 1795 3391 post
1847 3319 2100 3373 mortem
2170 3314 2426 3371 vocatur

300 3419 511 3482 Status
554 3420 958 3501 Interiorumt
1020 3419 1162 3495 quia
1209 3424 1350 3477 tunc
1400 3418 1737 3477 immittitur
1800 3416 1861 3472 in
1909 3413 2208 3472 Interiora
2267 3427 2429 3488 quae

300 3520 524 3579 Mentis
565 3519 696 3596 ejus
731 3527 896 3594 sunt,
951 3535 1060 3578 seu
1097 3518 1443 3577 Voluntatis
1481 3521 1542 3575 et
1580 3514 1970 3591 Cogitationis
1988 3556 2003 3587 ,
2061 3527 2135 3572 ac
2170 3512 2426 3588 sopiun-

300 3626 401 3678 tur
435 3617 782 3692 Exteriora,
817 3621 880 3676 in
916 3617 1130 3693 quibus
1157 3618 1365 3676 fuerat
1397 3618 1460 3674 in
1492 3614 1697 3674 Primo
1734 3625 1848 3673 suo
1886 3610 2077 3671 Statu.
2152 3609 2430 3689 Quisque

302 3720 407 3797 qui
449 3717 709 3776 advertit
756 3716 833 3775 ad
877 3719 1063 3775 vitam
1094 3716 1361 3776 hominis
1411 3721 1472 3774 et
1531 3714 1662 3791 ejus
1700 3711 1976 3791 loquelas
2027 3718 2089 3771 et
2138 3713 2425 3789 actiones,

297 3835 664 3899 cognoscere
712 3822 944 3895 potest,
1012 3814 1172 3894 quod
1221 3815 1394 3892 apud·
1430 3815 1892 3890 unumquemvis
1951 3813 2072 3872 sint
2095 3817 2100 3824 ’
2125 3814 2462 3887 exteriora-

300 3929 363 3984 et
400 3922 720 3995 interiora,
756 3936 867 3979 seu
904 3918 1236 3978 exteriores
1274 3922 1336 3976 et
1370 3916 1687 3976 interiores
1716 3915 2109 3993 cogitationes
2137 3920 2200 3974 et
2223 3916 2425 3975 inten-

298 4025 522 4098 tiones,
577 4021 639 4080 id
674 4035 1040 4098 cognoscere
1075 4023 1277 4094 potest
1311 4034 1385 4078 ex
1421 4016 1551 4093 his3
1607 4017 1710 4093 qui
1742 4018 1806 4076 in
1842 4014 2002 4076 civili
2033 4017 2159 4076 vita
2195 4020 2321 4090 est,
2371 4016 2428 4075 is

301 4124 526 4199 cogitat
560 4121 635 4182 de
672 4122 806 4182 aliis
842 4124 1002 4182 sicut
1031 4119 1132 4179 vel
1169 4136 1245 4179 ex
1278 4118 1438 4178 fama
1473 4116 1576 4177 vel
1606 4134 1678 4177 ex
1708 4118 2167 4178 conversatione
2205 4115 2280 4174 de
2305 4112 2427 4173 illis

300 4222 532 4282 audivit
566 4228 627 4281 et
662 4222 1043 4299 appercepit,
1099 4220 1209 4280 sed
1243 4237 1436 4297 usque
1486 4236 1608 4279 non
1650 4218 1916 4297 loquitur
1953 4215 2285 4278 secundum
2319 4229 2428 4274 co·-

298 4324 644 4402 gitationem
674 4340 847 4383 suam
870 4340 1018 4386 ,cum
1051 4320 1202 4396 illis,
1241 4327 1302 4380 et
1328 4322 1570 4381 tametsi
1609 4318 1748 4378 mali
1778 4322 1949 4392 sunt,
1993 4331 2189 4392 usque
2224 4320 2425 4374 tamen

405 4434 831 4486 Swedenborg,
867 4434 933 4472 De
969 4431 1110 4473 Coelo
1141 4437 1185 4471 et
1220 4429 1422 4470 inferno,
2001 4416 2092 4475 20
