3013 5114
658 450 765 502 308
1084 500 1103 507 ‚
1267 438 1360 493 DE
1401 437 1641 494 COELO
1682 437 1777 492 ET
1817 438 2159 493 INFERNO.

654 605 740 661 ita
774 617 850 661 ex
883 601 1019 677 ipsa
1067 614 1178 657 sua
1226 598 1564 672 affectione,
1618 616 1728 658 seu
1778 614 1854 657 ex
1901 599 2035 675 ipso
2085 614 2196 656 suo
2239 613 2476 671 amore,
2534 604 2596 655 et
2633 602 2773 658 tuuc

657 703 939 778 cogitatio
973 717 1157 758 unum
1193 699 1335 759 facit
1363 715 1496 758 cum
1527 699 1869 774 voluntate,
1923 715 1993 757 ac
2022 702 2107 757 ita
2147 716 2374 774 unum„
2421 704 2488 757 ut
2521 701 2618 758 vix
2658 715 2772 775 ap-

652 806 868 882 pareat
921 800 1079 876 quod
1121 803 1369 877 cogitet,
1425 799 1535 859 secl
1587 800 1748 878 quod
1806 800 1987 858 velit:
2058 800 2330 858 similiter
2383 816 2581 876 paene
2637 817 2777 860 cum

651 904 947 981 loquitur;
1011 920 1148 961 cum
1192 902 1526 961 differentia
1578 908 1806 976 tamen,
1882 901 2042 978 quod
2095 919 2228 961 cum
2282 901 2485 976 aliquo
2543 901 2773 977 timore,

652 1022 728 1065 ne
764 1005 1030 1082 cogitata
1068 1004 1392 1062 voluntatis
1428 1002 1591 1059 nuda
1626 1011 1873 1078 exeant,
1925 1004 2204 1078 quoniam
2238 1002 2300 1060 id
2337 1006 2517 1061 etiam
2553 1002 2770 1062 volun-

652 1107 794 1166 tatis
834 1106 963 1182 ejus
1000 1104 1222 1164 factum
1260 1110 1353 1163 est
1390 1121 1463 1161 ex
1502 1103 1661 1161 civili
1701 1106 1828 1162 vita
1860 1106 1919 1161 in
1958 1104 2192 1163 mundo.

812 1208 976 1266 504.
1045 1205 1295 1279 OmueS,
1358 1210 1740 1281 quotcunque
1791 1211 1931 1263 sunt
1973 1205 2276 1277 homineS,
2344 1209 2483 1280 post
2518 1208 2773 1262 mortem

653 1310 714 1368 in
761 1306 921 1367 hunc
969 1312 1193 1366 statum
1241 1308 1668 1379 immittuntur,
1724 1307 1867 1381 quia
1897 1305 1999 1364 ille
2055 1294 2149 1364 es't
2195 1307 2475 1381 proprius
2523 1305 2774 1382 spiritus

653 1426 893 1483 eorum3
950 1409 1114 1483 prior
1149 1413 1340 1465 status
1379 1413 1473 1465 est
1511 1405 1706 1481 qualis
1751 1405 1930 1485 homo
1987 1404 2186 1483 quoad
2233 1408 2506 1482 spiritum
2554 1406 2668 1464 fuit
2712 1406 2774 1464 iu

651 1509 993 1583 consortiiS,
1051 1510 1154 1584 qui
1198 1514 1391 1567 status
1437 1523 1559 1566 non
1604 1512 1700 1566 est
1739 1509 2019 1585 proprius
2066 1508 2226 1585 ejus:
2300 1506 2459 1582 quod
2495 1506 2593 1566 hic
2636 1511 2767 1564 sta-

651 1616 779 1684 tus,
835 1624 944 1667 seu
981 1613 1172 1666 status
1222 1609 1623 1681 exteriorum,
1679 1610 1739 1666 in
1792 1626 1910 1685 quo
1959 1608 2136 1667 homo
2186 1610 2440 1685 primum
2494 1613 2590 1667 est
2630 1613 2774 1683 post

539 1778 543 1782 ⁴
650 1714 932 1778 mortem,
985 1708 1059 1767 de
1096 1726 1215 1786 quo
1251 1709 1312 1765 in
1350 1709 1753 1786 praecedente
1800 1708 2072 1768 Articulo
2121 1715 2320 1791 actium
2359 1714 2484 1784 est,
2536 1725 2658 1766 non
2694 1709 2776 1766 sit

648 1811 927 1888 proprius
977 1811 1137 1886 ejus,
1195 1816 1473 1885 constare
1530 1816 1735 1887 potest
1773 1828 1810 1869 a
1858 1810 2160 1888 pluribus,
2216 1816 2282 1868 ut
2333 1827 2409 1868 ex
2451 1827 2558 1881 e0,
2612 1807 2775 1885 quod

651 1910 911 1990 Spiritus
944 1928 1065 1970 non
1101 1911 1276 1971 modo
1315 1913 1606 1988 cogitent,
1649 1911 1758 1970 sed
1794 1912 1971 1969 etiam
2002 1910 2324 1986 loquantur
2359 1928 2434 1969 ex
2472 1926 2586 1970 sua
2619 1907 2773 1968 affe·-

649 2014 875 2087 ctione,
940 2028 1077 2069 nam
1125 2009 1369 2087 loquela
1417 2011 1654 2070 illorum
1694 2018 1787 2070 est
1835 2028 1908 2069 ex
1955 2011 2090 2086 illa,
2149 2018 2215 2069 ιιι
2258 2018 2534 2070 constare
2567 2016 2775 2088 potest

648 2130 723 2171 ex
774 2113 847 2172 iis
898 2128 1052 2186 quae
1103 2114 1163 2168 in
1216 2111 1487 2170 Art-iculo
1533 2111 1606 2168 de
1648 2111 1922 2188 Loquela
1969 2112 2338 2189 Angelorum
2389 2131 2459 2171 n:
2519 2113 2663 2171 234
2694 2110 2776 2169 ad

654 2212 832 2285 245,
886 2210 1045 2269 dicta
1084 2218 1143 2268 et
1192 2218 1437 2270 ostensa
1473 2219 1645 2288 sunt3
1710 2212 1984 2272 similiter
2025 2216 2205 2273 etiam
2250 2214 2426 2273 homo
2483 2214 2776 2289 cogitavit

645 2313 705 2369 in
747 2309 999 2383 mundo,
1057 2327 1189 2369 cum
1225 2313 1380 2370 intra
1417 2328 1515 2387 se,
1572 2331 1707 2370 nam
1745 2319 1887 2373 tunc
1922 2331 2042 2374 non
2081 2317 2368 2391 cogitavit
2416 2331 2490 2372 ex
2525 2313 2777 2390 loquela

643 2414 741 2472 sui
782 2415 1078 2489 corporiS,
1110 2400 1238 2472 ‘sed
1276 2413 1450 2472 modo
1499 2413 1649 2472 vidit
1693 2413 1826 2490 illa,
1893 2433 1963 2474 ac
2006 2415 2183 2475 simul
2227 2415 2405 2491 plura
2450 2415 2607 2472 intra
2655 2416 2774 2473 mi-

641 2520 850 2574 nutum
898 2502 1215 2592 temporis,
1272 2532 1449 2593 quam
1499 2513 1638 2575 dein
1683 2516 1879 2593 potuit
1932 2533 2043 2595 per
2088 2516 2470 2576 semihorium
2532 2515 2768 2592 eloqui;

645 2614 804 2691 quod
839 2621 1035 2675 status
1073 2618 1434 2675 exteriorum
1468 2634 1583 2674 non
1622 2619 1701 2676 sit
1724 2620 2004 2694 proprius
2040 2617 2295 2676 hominis
2331 2633 2442 2675 seu
2480 2617 2610 2695 ejus
2641 2603 2786 2694 spiss

642 2719 794 2776 ritus
813 2761 831 2791 ,
879 2717 1056 2776 etiam
1094 2724 1262 2793 patet
1301 2736 1374 2776 ex
1413 2734 1520 2794 eo,
1575 2718 1733 2794 quod
1770 2735 1902 2777 cum
1940 2720 2003 2776 in
2038 2718 2258 2777 mundo
2290 2725 2380 2777 est
2416 2720 2478 2777 in
2519 2734 2777 2777 consor-

642 2819 772 2891 tiis,
813 2822 954 2875 tunc
989 2817 1273 2894 loquatur
1311 2818 1639 2878 secundum
1677 2819 1845 2896 leges
1880 2822 2042 2879 vitae
2069 2819 2309 2878 moralis
2349 2824 2408 2877 et
2443 2818 2670 2894 civiliS,
2712 2824 2777 2878 et

644 2915 805 2992 quod
857 2920 998 2975 tunc
1062 2919 1308 2976 interior
1357 2921 1639 2994 cogitatio
1693 2924 1866 2997 regat
1919 2923 2315 2989 exteriorem,
2393 2923 2549 2978 sicut
2611 2936 2772 2978 unus

644 3015 844 3088 alium,
887 3031 961 3074 ne
989 3017 1282 3093 procedat
1316 3019 1476 3076 ultra
1511 3018 1730 3079 limites
1770 3019 1971 3080 decori
2000 3028 2060 3080 et
2084 3019 2349 3079 honesti:
2386 3025 2557 3097 patet
2585 3022 2773 3080 etiam

644 3132 719 3174 ex
756 3131 858 3186 ec,
915 3114 1102 3192 quod,
1159 3134 1293 3176 cum
1328 3117 1505 3178 homo
1541 3122 1699 3179 intra
1737 3138 1804 3180 se
1844 3123 2095 3199 cogitat,
2136 3123 2314 3181 etiam
2354 3123 2576 3198 cogitet
2612 3136 2772 3199 quo-

643 3212 821 3274 modo
855 3215 1217 3293 loquuturus
1267 3223 1327 3277 et
1373 3223 1618 3279 acturus
1655 3227 1779 3293 est,
1832 3227 1901 3280 ut
1944 3222 2222 3300 placeat,
2275 3228 2335 3280 et
2371 3228 2575 3298 captet
2609 3222 2771 3280 ami-

643 3316 875 3392 citiam,
929 3315 1406 3378 benevolentiam
1465 3334 1538 3376 ac
1584 3323 1867 3397 gratiam,
1938 3329 1999 3381 et
2046 3322 2162 3382 hoc
2211 3322 2402 3380 modis
2440 3323 2769 3397 extraneiS,

642 3421 730 3478 ita
763 3416 938 3478 aliter
973 3436 1150 3496 quam
1185 3418 1358 3479 fieret
1405 3420 1456 3479 si
1505 3437 1581 3500 ex
1616 3424 1862 3499 propria
1897 3423 2222 3482 voluntate.
2312 3424 2401 3481 Ex
2440 3422 2536 3481 his
2573 3428 2768 3500 patet,

644 3519 805 3598 quod
846 3526 1039 3580 status
1073 3521 1416 3581 interiorum
1436 3566 1455 3593 ,
1508 3523 1566 3580 in
1606 3539 1783 3600 quem
1817 3526 2151 3583 immittitur
2185 3526 2432 3601 spiritus
2452 3569 2469 3600 ,
2522 3526 2602 3582 sit
2635 3529 2772 3583 sta-

641 3628 742 3680 tus
770 3622 1058 3699 proprius
1108 3621 1267 3701 ejus,
1323 3624 1409 3683 ita
1460 3640 1699 3701 quoque
1752 3626 2036 3704 proprius
2082 3625 2368 3702 hominis,
2435 3642 2573 3685 cum
2610 3625 2770 3683 vixit

640 3720 701 3778 in
736 3720 974 3780 mund0.
2153 3799 2158 3804 ι
2637 3792 2642 3796 ,

803 3818 960 3880 505.
1019 3821 1169 3882 Cum
1207 3822 1466 3902 Spiritus
1500 3827 1561 3884 in
1597 3832 1759 3885 statu
1796 3827 2141 3886 interiorum
2170 3843 2412 3886 suorum
2451 3832 2581 3902 est,
2619 3832 2772 3887 tune

642 3921 814 3996 patet
845 3899 1163 3981 manifeste
1201 3926 1395 4000 qualis
1430 3925 1609 4004 homo
1648 3928 1710 3984 in
1760 3944 1826 3987 se
1874 3929 1986 3986 suit
2035 3928 2093 3985 in
2145 3928 2393 4003 mundo,
2446 3929 2571 4004 agit
2605 3929 2771 3987 enim

642 4023 783 4078 tunc
815 4034 889 4078 ex
923 4022 1168 4095 proprio
1203 4039 1313 4081 suo
1326 4043 1343 4098 3
1399 4026 1500 4100 qui
1537 4027 1786 4087 interius
1820 4031 1882 4088 in
1921 4026 2076 4088 bono
2124 4029 2235 4089 suit
2286 4031 2346 4089 in
2400 4028 2653 4105 mundo,
2708 4031 2768 4089 is

642 4123 784 4178 tunc
811 4118 1181 4179 rationaliter
1217 4126 1275 4180 et
1310 4125 1620 4199 sapienter
1656 4130 1811 4203 agit,
1867 4131 1985 4188 imo
2029 4135 2166 4190 tunc
2202 4132 2537 4209 sapientius
2580 4146 2769 4207 quam

641 4221 702 4278 in
737 4218 984 4293 mundo,
1043 4221 1185 4297 quia
1219 4221 1452 4282 solutus
1481 4229 1578 4282 est
1610 4241 1649 4283 a
1683 4244 1841 4286 nexu
1877 4245 2009 4288 cum
2046 4236 2414 4307 corpore,«et
2447 4229 2587 4289 inde
2625 4246 2772 4291 cum

644 4319 1056 4400 terrestribus,
1097 4339 1254 4402 quae
1281 4322 1682 4386 obscurarunt
1708 4334 1770 4388 et
1803 4330 1977 4406 quasi
2002 4330 2223 4391 nubem
2245 4333 2763 4409 interposuerunt.
