3013 5114
666 395 959 452 COELUM
989 395 1127 451 EST
1168 396 1370 451 HOMO
1411 398 1515 452 EX
1553 396 1805 453 DIVINO
1846 397 2170 453 HUMANO.
2400 409 2469 460 43

351 557 534 617 hendi
570 557 647 616 ab
683 556 935 635 illisqui
968 574 1059 617 ‘ex‘
1087 557 1739 619 sensualibusexterni
1772 558 2028 618 hominis
2065 559 2266 617 omnia
2293 559 2466 636 judi-

350 641 535 736 cant}
577 658 878 717 sensualis
918 660 1075 717 enim
1100 659 1277 718 homo
1314 676 1433 717 non
1468 665 1671 736 potest
1716 659 1890 733 aliter
1925 659 1999 719 de
2035 659 2252 718 Divino
2291 677 2468 736 quam

350 777 425 820 ex
460 758 682 818 mundo
715 765 775 818 ot
803 777 877 818 ex
913 758 1031 818 illis
1070 777 1227 837 quae
1262 759 1346 818 ibi
1383 761 1671 836 cogitare,
1707 762 1794 818 ita
1829 760 1902 819 de
1927 760 2143 819 Divino
2182 765 2242 819 et
2270 758 2465 837 Spiri-

349 860 499 919 tuali
527 859 980 938 homine„[non]
1022 860 1196 921 aliter
1232 877 1411 937 quam
1448 863 1605 920 sicut
1644 860 1719 920 de
1747 877 2038 938 corporeo
2074 867 2135 919 ct
2173 861 2461 920 naturali:

348 959 655 1021 concludit
689 959 859 1036 inde,
904 960 1065 1037 quod
1099 963 1153 1020 si
1192 960 1365 1021 Deus
1404 966 1570 1021 esset
1603 960 1809 1034 homo,
1872 961 2026 1020 foret
2060 961 2467 1040 magnitudine

347 1064 507 1122 sicut
542 1061 922 1136 universum,
990 1067 1050 1121 et
1094 1064 1148 1120 si
1184 1067 1426 1139 regeret
1470 1060 1703 1122 coelum
1741 1067 1800 1120 et
1834 1067 2087 1137 terram,
2152 1063 2324 1122 fieret
2357 1080 2469 1139 per

346 1161 572 1220 multos
600 1161 678 1221 ad
705 1162 946 1222 modum
977 1179 1095 1238 quo
1123 1178 1300 1239 reges
1326 1164 1385 1221 in
1422 1162 1672 1221 mundo:
1709 1164 1762 1221 si
1793 1164 1849 1221 ei
1874 1162 2191 1237 dicoretur,
2221 1161 2381 1237 quod
2406 1165 2467 1220 in

347 1262 534 1323 Coelo
573 1279 693 1321 non
729 1264 807 1321 sit
843 1265 1118 1322 extensio
1165 1264 1349 1340 spatii
1394 1262 1589 1340 qualis
1637 1265 1698 1321 in
1745 1262 2004 1335 mundo,
2061 1279 2312 1340 prorsus
2349 1278 2467 1321 non

346 1370 625 1439 caperet3
666 1364 769 1439 qui
805 1365 961 1422 enim
998 1380 1073 1422 ex
1099 1370 1320 1422 natura
1358 1371 1419 1424 et
1453 1363 1583 1423 solo
1612 1364 1744 1441 ejus
1780 1362 2002 1424 lumine
2032 1366 2271 1441 cogitat,
2316 1379 2464 1421 nus-

344 1481 525 1543 quam
568 1463 745 1522 aliter
792 1465 1017 1540 cogitat
1053 1480 1232 1541 quam
1271 1463 1346 1523 ab
1386 1472 1635 1525 extenso
1667 1465 1842 1541 quale
1880 1471 1974 1524 est
2010 1482 2208 1524 coram
2247 1463 2462 1539 oculis;

342 1564 456 1625 sed
490 1563 778 1622 falluntur
807 1582 984 1640 quam
1021 1567 1312 1636 maxime,
1350 1584 1484 1626 cum
1522 1564 1797 1625 similiter
1833 1569 2098 1643 cogitant
2133 1565 2207 1624 de
2247 1564 2430 1625 Coelo
2442 1585 2457 1639 3

344 1672 655 1727 extensum
701 1665 865 1745 quod
915 1665 1023 1735 ibi,
1097 1682 1215 1725 non
1263 1673 1356 1725 est
1403 1669 1560 1726 sicut
1600 1673 1911 1726 extensum
1963 1669 2024 1725 in
2083 1665 2332 1741 mund03
2401 1667 2462 1725 in

344 1766 564 1824 mundo
602 1773 695 1824 est
747 1773 1060 1825 extensum
1114 1765 1572 1826 determinatum
1623 1775 1683 1826 et
1734 1767 1871 1827 inde
1921 1766 2352 1838 mensurabile,
2403 1769 2464 1825 in

344 1866 531 1927 Coelo
569 1874 765 1925 autem
822 1874 915 1926 est
966 1873 1295 1926 extensum.
1327 1884 1447 1926 non
1498 1867 1988 1941 determinatum,
2050 1875 2110 1927 et
2159 1867 2298 1926 inde
2346 1884 2464 1925 non

341 1968 747 2027 mensurabile
761 1988 776 2043 ;
835 1969 943 2027 sed
980 1967 1056 2026 de
1107 1974 1359 2026 extenso
1410 1969 1471 2026 in
1519 1968 1689 2027 coelo
1726 1967 2025 2029 videbitur
2059 1970 2120 2026 in
2156 1968 2464 2042 sequenti-

340 2068 488 2144 bus,
540 2068 644 2127 ubi
679 2068 753 2128 de
793 2067 1005 2147 Spatio
1057 2073 1116 2127 et
1167 2067 1467 2145 Tempore
1505 2069 1567 2126 in
1615 2068 1840 2128 Mundo
1891 2067 2206 2145 spirituali.
2270 2066 2460 2125 Prae-

340 2179 511 2229 terea
548 2171 803 2246 quisque
837 2171 1035 2241 novit,
1093 2177 1381 2246 quantum
1422 2186 1489 2228 se
1538 2172 1705 2228 visus
1754 2170 1913 2229 oculi
1956 2169 2247 2241 extendit,
2303 2168 2463 2243 quod

339 2287 562 2348 nempe
603 2270 682 2328 ad
719 2269 922 2330 Solem
961 2277 1022 2328 et
1070 2269 1147 2328 ad
1181 2271 1391 2330 stellas
1404 2315 1421 2346 ,
1487 2289 1645 2347 quae
1693 2277 1923 2330 tantum
1981 2271 2231 2345 distant3
2298 2270 2466 2328 novit

340 2373 522 2430 etiam
561 2372 663 2447 qui
702 2371 882 2430 altius
919 2372 1168 2448 cogitat,
1225 2371 1388 2449 quod
1434 2373 1601 2431 visus
1649 2375 1917 2432 internus
1955 2375 2058 2456 qui
2094 2377 2188 2430 est
2224 2372 2455 2447 cogita-

338 2474 517 2531 tionis
570 2488 636 2531 se
686 2471 882 2531 adhuc
922 2472 1104 2530 latius
1160 2472 1474 2548 extendat,
1536 2480 1597 2532 et
1642 2473 1779 2537 iule-
1833 2472 1993 2548 quod
2043 2474 2215 2529 visus
2262 2470 2457 2528 adhuc

335 2575 584 2633 interior
627 2573 824 2633 adhuc
869 2573 1088 2649 latius;
1146 2575 1288 2649 quid
1325 2591 1447 2632 non
1501 2574 1689 2634 Visus
1737 2573 1994 2632 Divinus
2045 2575 2148 2648 qui
2201 2571 2460 2630 omnium

334 2677 581 2735 intimus
631 2681 691 2733 et
735 2690 1054 2751 supremus
1094 2680 1205 2733 est.
1296 2674 1455 2751 Quia
1488 2676 1882 2750 cogitationes
1918 2672 2057 2731 talis
2095 2671 2460 2731 extensionis

339 2782 513 2850 sunt,
554 2775 692 2835 ideo
724 2777 1239 2834 communicantur
1273 2776 1472 2834 omnia
1508 2774 1664 2834 coeli
1698 2791 1833 2834 cum
1869 2774 2203 2849 unoquovis
2239 2770 2339 2846 ibi,
2378 2772 2463 2829 ita

337 2879 539 2937 omnia
577 2877 783 2935 Divini
820 2876 980 2953 quod
1014 2875 1156 2935 facit
1208 2875 1480 2953 coelum,·
1535 2882 1596 2936 et
1640 2875 1853 2953 implet
1900 2873 2084 2944 illud,
2135 2880 2202 2932 ut
2245 2879 2454 2946 osten-7

336 2995 469 3036 sum
508 2984 602 3038 est
638 2979 699 3034 in
735 2976 1025 3036 Articulis
1063 2980 1166 3053 qui
1199 2977 1591 3055 praecedunt.

500 3081 610 3138 86.
664 3078 865 3137 Mirati
900 3084 1041 3136 sunt
1078 3077 1165 3136 illi
1202 3080 1304 3154 qui
1341 3080 1403 3137 in
1448 3079 1619 3138 coelo
1657 3085 1832 3149 sunt,
1884 3078 2042 3154 quod
2081 3078 2351 3136 homines
2388 3092 2456 3134 se

330 3180 736 3257 intelligentes
804 3178 1080 3248 credant,
1133 3178 1349 3255 quide
1391 3178 1714 3248 invisibili,
1770 3179 1885 3237 hoc
1933 3184 2055 3250 cst,
2111 3180 2453 3253 incompre-

330 3280 613 3341 hensibili
648 3279 762 3338 sub
806 3279 1008 3357 aliqua
1031 3279 1238 3355 forma,
1279 3295 1414 3339 cum
1443 3280 1518 3340 de
1546 3280 1700 3349 Dec,
1736 3282 2029 3356 cogitant3
2072 3284 2133 3338 et
2160 3277 2320 3354 quod
2352 3280 2454 3353 qui

331 3382 535 3452 aliter,
572 3398 690 3440 non
728 3379 1130 3457 intelligentes
1178 3386 1239 3439 et
1274 3397 1512 3457 quoque
1550 3380 1853 3457 simplices
1891 3379 2092 3438 dicant
2105 3398 2122 3453 3
2176 3394 2310 3436 cum
2350 3382 2447 3434 ta-

330 3501 467 3542 men
504 3483 864 3542 contrarium
899 3483 1008 3539 sit:
1065 3482 1259 3559 ajunt,
1299 3482 1353 3539 si
1390 3481 1705 3557 explorent
1747 3482 2017 3556 seipSOS,
2068 3479 2172 3554 qui
2208 3475 2345 3535 inde
2381 3492 2462 3534 se

329 3584 738 3660 intelligentes
777 3581 1056 3656 credunt,
1108 3597 1308 3641 annon
1355 3598 1465 3659 pro
1500 3582 1636 3641 Deo
1674 3580 1918 3639 videant
1952 3584 2257 3652 naturam,
2316 3580 2451 3653 qui-

331 3684 468 3742 dam
512 3684 677 3743 illam
734 3699 889 3758 quae
945 3699 1146 3741 coram
1196 3682 1387 3742 oculis
1442 3688 1562 3756 est,
1621 3681 1863 3758 quidam
1913 3678 2079 3738 illam
2132 3695 2286 3755 quae
2336 3696 2456 3737 non

328 3801 531 3844 coram
578 3782 802 3859 oculis3
857 3790 918 3844 et
952 3800 1150 3842 annon
1188 3785 1530 3843 caecutiant
1575 3784 1635 3840 in
1683 3786 1913 3840 tantum
1924 3825 1941 3856 ,
2006 3786 2073 3839 ut
2107 3798 2225 3839 non
2262 3781 2455 3839 sciant

327 3886 472 3962 quid
505 3885 677 3945 Deus
688 3928 706 3959 ,
753 3885 896 3959 quid
931 3883 1216 3961 angeluS,
1260 3883 1404 3960 quid
1433 3884 1678 3961 spiritus
1696 3927 1712 3959 ,
1754 3881 1895 3960 quid
1932 3884 2131 3941 anima
2158 3897 2272 3940 sua
2299 3897 2453 3957 quae

326 3987 567 4046 victura
598 3989 741 4063 post
776 3991 1062 4055 mortem,
1114 3983 1259 4061 quid
1293 3986 1419 4043 vita
1446 3984 1603 4045 coeli
1638 3984 1802 4062 apud
1833 3983 2152 4059 hominem,
2192 3988 2253 4040 et
2275 3981 2456 4058 plura

327 4104 485 4162 quae
534 4085 967 4164 intelligentiae
1019 4092 1187 4162 sunt3
1244 4100 1378 4144 cum
1423 4092 1627 4145 tamen
1674 4085 1825 4145 haec
1877 4086 2076 4145 omnia
2125 4082 2450 4160 simpliceS,

326 4204 477 4262 quos
512 4191 762 4258 vocant,
808 4203 922 4248 suo
966 4187 1144 4246 modo
1193 4188 1419 4261 sciunt,
1473 4186 1675 4246 ideam
1720 4186 1841 4245 Dei
1888 4188 1986 4245 sui
2031 4184 2259 4244 habent
2293 4181 2454 4259 quod

323 4290 403 4347 sit
429 4287 714 4348 Divinum
742 4288 803 4346 in
829 4288 1020 4348 forma
1054 4287 1336 4361 humana,
1370 4286 1571 4347 ideam
1609 4286 1828 4364 Angeli
1865 4286 2025 4363 quod
2064 4285 2144 4343 sit
2170 4282 2450 4342 coelestis
