3013 5114
609 432 718 482 320
1244 415 1333 468 1>ss
1379 412 1622 468 COELO
1668 412 1757 464 ΕΤ
1798 411 2132 465 INFERNO.

604 580 783 645 facile
818 578 1122 654 recepturi
1159 581 1367 633 essent
1402 590 1550 631 vera
1587 571 1811 631 Divina
1856 580 2000 649 post
2029 556 2328 642 -mortem,
2382 586 2520 628 cum
2555 570 2733 630 audi-

607 689 716 740 unt
751 679 855 738 illa
893 677 969 736 ab
1013 674 1293 753 Angelis,
1350 681 1411 733 et
1460 673 1624 749 quod
1669 672 1989 746 credituri,
2055 677 2120 731 et
2163 669 2304 730 inde
2349 670 2511 748 quod
2558 671 2737 732 aliter

605 781 851 854 victuri,
917 783 979 841 et
1013 778 1100 836 sic
1136 774 1294 852 quod
1346 781 1601 852 possent
1646 776 1706 832 in
1745 772 1986 833 coelum
2019 774 2241 849 recipi:
2293 771 2408 832 sed
2440 771 2557 832 hoc
2592 779 2730 834 ten-

604 889 795 941 tatum
831 886 926 939 est
976 895 1110 938 cum
1159 875 1510 953 permultiS,
1562 892 1772 934 verum
1808 873 1987 933 modo
2021 873 2100 933 ab
2143 870 2263 932 illis
2306 875 2411 949 qui
2452 874 2515 931 in
2555 873 2735 933 simili

603 981 720 1045 fide
749 980 1017 1055 fuerunt,
1074 978 1290 1056 quibus
1327 977 1390 1036 id
1426 975 1795 1053 permissum
1836 981 1930 1035 est
1973 973 2052 1033 ob
2087 990 2333 1035 causam
2377 981 2449 1032 ut
2486 976 2729 1048 scirent,

607 1081 770 1159 quod
816 1081 1186 1159 paenitentia
1234 1086 1375 1156 post
1420 1083 1675 1136 mortem
1726 1094 1844 1135 non
1894 1074 2102 1135 detur:
2171 1075 2413 1151 quidam
2465 1092 2541 1134 ex
2587 1074 2731 1149 illis,

608 1200 746 1245 cum
794 1182 1010 1260 quibus
1066 1187 1355 1239 tentatum
1400 1186 1530 1248 est,
1602 1176 2029 1237 intellexerunt
2080 1192 2255 1249 vera,
2315 1182 2375 1237 et
2426 1177 2543 1235 visi
2593 1184 2736 1234 sunt

608 1287 884 1362 recipere
939 1282 1074 1354 illa,
1146 1281 1256 1340 sed
1307 1280 1492 1354 illico,
1564 1287 1631 1336 ut
1679 1277 1757 1336 ad
1802 1281 1988 1337 vitam
2040 1278 2260 1337 amoris
2310 1278 2406 1335 sui
2457 1280 2734 1336 conversi

610 1392 778 1456 sunt,
834 1385 1174 1461 rejecerunt
1221 1380 1355 1453 illa,
1411 1383 1532 1439 imo
1577 1386 1786 1438 contra
1827 1377 1931 1438 ina
1978 1379 2211 1455 loquuti
2251 1385 2420 1438 sunt:
2491 1375 2737 1454 quidam

607 1488 812 1545 statim
857 1485 1228 1560 rejecerunt,
1290 1481 1566 1539 nolentes
1617 1478 1825 1539 audire
1878 1479 2013 1539 illa:
2088 1478 2331 1556 quidam
2390 1478 2734 1553 voluerunt,

606 1593 677 1643 ut
703 1588 828 1643 vita
861 1587 1114 1655 amoris,
1158 1599 1336 1660 quam
1372 1588 1798 1640 contraxerunt
1840 1597 1878 1640 e
1912 1581 2161 1654 mundo,
2203 1580 2324 1639 illis
2362 1580 2725 1659 auferretur,

610 1693 671 1745 et
704 1685 843 1745 loco
876 1685 1008 1762 ejus
1058 1682 1473 1742 infunderetur
1517 1684 1644 1741 vita
1693 1682 1995 1758 angelica,
2049 1698 2179 1740 :seuv
2208 1683 2335 1739 vita
2380 1680 2564 1756 coeli;
2618 1666 2738 1739 hoe

609 1803 848 1865 quoque
903 1802 1039 1843 cum
1083 1783 1201 1844 illis
1252 1800 1322 1841 ex
1374 1785 1772 1860 permissione
1822 1783 2045 1842 factum
2095 1790 2217 1854 est,
2269 1782 2379 1840 sed
2428 1799 2564 1841 cum
2609 1783 2738 1844 vita

608 1890 830 1946 amoris
876 1886 1115 1946 illorum
1162 1885 1367 1944 ablata
1415 1893 1538 1959 est,
1596 1884 1884 1962 jacebant
1924 1885 2083 1942 sicut
2123 1885 2374 1952 mortui,
2435 1900 2553 1942 non
2599 1899 2736 1941 am-

605 1985 771 2067 plius
805 1995 1115 2066 compotes
1144 1990 1263 2045 sui.
1337 1987 1422 2045 Ex
1458 1985 1584 2060 his„
1631 1992 1692 2043 et
1726 1983 1860 2043 aliis
1889 1985 2298 2060 experientiae
2333 1983 2547 2057 modis,
2585 1985 2736 2041 sim-

547 2117 556 2126 ·
608 2089 802 2166 plices
849 2087 993 2148 boni
1043 2089 1318 2146 instructi
1363 2094 1526 2160 sunt,
1597 2086 1755 2161 quod
1807 2088 1934 2143 vita
1983 2085 2236 2162 alicujus
2294 2092 2435 2160 post
2479 2092 2733 2147 mortem

608 2196 989 2264 nequaquam
1030 2189 1246 2245 mutari
1283 2187 1512 2261 possit,
1567 2192 1626 2244 et
1664 2186 1824 2262 quod
1863 2188 1987 2244 vita
2026 2186 2187 2243 mala
2218 2189 2280 2244 in
2315 2172 2569 2257 bonam,
2622 2202 2736 2244 seu

606 2286 917 2346 infernalis
953 2289 1015 2345 in
1052 2286 1416 2362 angelicam,
1465 2285 1808 2344 nullatenus
1835 2287 2153 2345 transcribi
2179 2288 2398 2364 possit3
2450 2287 2733 2362 quoniam

609 2388 1025 2464 unusquisque
1052 2388 1298 2464 spiritus
1329 2404 1366 2445 a
1406 2389 1604 2463 capite
1642 2385 1721 2445 ad
1755 2387 1982 2446 calcem
2015 2395 2109 2447 est
2143 2386 2338 2464 qualis
2383 2387 2517 2465 ejus
2546 2405 2737 2461 amor,

606 2487 860 2567 proinde
902 2489 1096 2567 qualis
1136 2490 1269 2567 ejus
1313 2489 1469 2557 vita,
1523 2494 1583 2546 et
1614 2486 1776 2565 quod
1812 2488 1966 2547 hanc
2007 2494 2411 2548 transmutare
2446 2489 2508 2548 in
2536 2500 2734 2567 oppo-

609 2593 816 2665 sitam,
855 2592 934 2649 sit
968 2607 1217 2667 prorsus
1254 2591 1533 2667 spiritum
1572 2589 1919 2649 destruere:
1976 2590 2195 2669 Angeli
2230 2593 2522 2666 fatentur,
2577 2589 2740 2666 quod

610 2691 847 2751 facilius
901 2693 981 2750 sit
1034 2697 1315 2751 noctuam
1363 2693 1424 2749 in
1477 2690 1818 2749 columbam
1866 2697 2140 2760 vertere,
2216 2697 2277 2748 et
2325 2690 2628 2752 bubonem
2673 2691 2740 2750 in

610 2809 787 2854 avem
829 2791 1299 2869 paradisiacam,
1365 2809 1544 2878 quam
1593 2790 1943 2850 infernalem
1989 2793 2265 2869 spiritum
2315 2794 2376 2849 in
2433 2790 2740 2868 Angelum

618 2893 787 2951 coeli.
884 2891 1061 2966 Quod
1102 2891 1281 2949 homo
1327 2890 1464 2949 talis
1516 2899 1758 2949 maneat
1804 2900 1945 2967 post
2007 2899 2287 2966 mortem,
2359 2892 2554 2969 qualis
2603 2891 2739 2969 ejus

608 2993 734 3061 vita
768 2992 967 3050 suerat
1007 2995 1067 3050 in
1098 2992 1350 3068 mundo,
1397 2977 1674 3050 videatur
1713 3009 1900 3068 supra
1926 2995 1987 3051 in
2022 3009 2134 3052 suo
2171 2993 2443 3052 Articulo
2482 3011 2550 3051 n:
2590 2995 2739 3052 470

610 3090 687 3150 ad
722 3093 1030 3152 4840Ex
1064 3091 1159 3150 his
1194 3109 1352 3152 nunc
1396 3099 1671 3152 constare
1705 3100 1947 3169 potest,
1994 3094 2152 3170 quod
2182 3110 2357 3153 nemo
2392 3096 2452 3151 in
2482 3091 2736 3153 Coelum

613 3192 801 3269 recipi
838 3200 1020 3268 queat
1056 3210 1130 3251 ex
1166 3191 1973 3256 immediataMisericordia.
2489 3215 2492 3218 “

612 3360 862 3459 Quod
926 3388 1099 3434 non
1169 3379 1340 3431 tam
1420 3331 1834 3434 difficile
1919 3364 2040 3433 sit
2120 3386 2380 3459 agere
2461 3363 2736 3432 vitam

716 3483 939 3560 quae
994 3463 1246 3534 ducit
1299 3460 1405 3532 ad
1458 3460 1853 3547 Coelum‚
1913 3463 2153 3534 sieut
2205 3462 2628 3533 creditur.

776 3599 937 3656 528.
991 3595 1247 3673 Quidam
1288 3595 1568 3671 credunt,
1622 3595 1784 3672 quod
1819 3577 2000 3673 agere
2039 3577 2222 3655 vitam
2267 3615 2424 3673 quae
2460 3597 2624 3656 ducit
2658 3596 2740 3657 ad

613 3696 894 3773 Coelum‚
950 3716 1107 3775 quae
1147 3699 1274 3756 vita
1307 3696 1638 3773 spiritualis
1682 3705 1963 3770 vocatur,
2007 3697 2248 3758 difficile
2287 3701 2397 3769 sit,
2441 3714 2517 3757 ex
2551 3713 2741 3757 causa

613 3799 757 3873 quia
796 3798 1180 3874 audiverant,
1238 3796 1396 3873 quod
1436 3797 1615 3855 homo
1660 3798 2044 3859 abdicaturus
2087 3802 2164 3858 sit
2199 3798 2514 3873 mundum,
2572 3806 2633 3857 et
2665 3814 2738 3857 se

613 3896 1032 3973 deprivaturus
1069 3899 1587 3972 concupiscentiiS,
1629 3915 1783 3974 quae
1814 3898 2089 3957 dicuntur
2125 3903 2394 3976 corporis
2428 3905 2488 3957 et
2513 3900 2735 3971 carnia,

614 4001 679 4055 et
716 3995 880 4071 quod
921 3998 1191 4058 victurus
1226 3997 1588 4073 spiritualis;
1645 4016 1797 4075 quae
1848 4017 1965 4058 non
2003 4001 2177 4060 aliter
2225 4001 2500 4077 capiunt,
2556 4017 2738 4076 quam

614 4095 777 4174 quod
810 4096 1095 4174 rejecturi
1132 4099 1250 4155 sint
1285 4097 1615 4171 mimdana,
1672 4116 1825 4173 quae
1856 4107 1998 4159 sunt
2032 4103 2362 4179 praecipue
2400 4099 2645 4164 divitiae
2674 4106 2739 4160 et

611 4198 888 4273 honor-ea,
920 4198 1061 4256 ituri
1086 4198 1362 4257 continue
1389 4199 1450 4256 in
1477 4200 1583 4273 pia
1610 4198 1998 4261 meditatione
2026 4202 2098 4261 de
2126 4202 2279 4274 Dee,
2312 4201 2386 4259 de
2413 4200 2636 4275 salute,
2677 4205 2739 4261 et

614 4298 688 4358 dc
721 4301 840 4358 vita
867 4305 1129 4375 aeterna,
1158 4317 1226 4358 ac
1248 4301 1432 4359 vitam
1462 4299 1654 4356 acturi
1681 4298 1739 4355 in
1768 4302 2068 4378 precibus,
2092 4306 2150 4360 in
2179 4303 2434 4362 lectione
2451 4300 2642 4359 Verbi
2667 4319 2739 4360 ac
