3013 5114
583 428 693 479 298
1216 416 1309 468 DE
1352 415 1588 470 coum
1631 414 1726 467 ET
1766 413 2120 468 INFEero„

581 596 734 638 rum.
825 576 944 651 Qui
993 577 1260 634 scientiis
1316 573 1704 645 studuerunt,
1761 573 1990 649 absque
2044 572 2163 631 alio
2221 571 2339 631 fine
2399 590 2578 648 quam
2633 579 2702 631 ut

582 680 743 737 docti
776 676 1054 749 audiant,
1112 682 1172 733 et
1213 676 1315 751 qui
1352 693 1472 734 non
1500 675 1891 755 excoluerunt
1919 672 2211 732 rationale
2257 692 2367 749 per
2410 672 2548 732 illas
2562 718 2578 747 ,
2640 681 2701 733 et

573 751 908 856 jucundum
951 780 1013 835 in
1066 776 1249 835 rebus
1301 778 1626 836 memoriae
1681 793 1756 834 ex
1808 777 1968 834 fastu
2014 775 2152 834 inde
2208 781 2545 847 traxerunt,
2613 773 2702 833 illi

581 887 783 938 amant
817 877 952 936 loca
987 893 1269 951 arenosa,
1325 896 1479 955 quae
1527 877 1755 953 eligunt
1792 894 1939 953 prae
1980 875 2418 952 campestribus
2457 883 2518 933 et
2551 875 2696 933 hor-

584 979 842 1054 tulanis3
898 981 1039 1054 quia
1077 995 1332 1036 arenosa
1380 978 1600 1036 talibus
1652 978 1866 1036 studiis
1915 976 2401 1052 correspondent.
2482 976 2599 1051 Qui
2641 977 2703 1033 in

586 1083 838 1140 scientia
884 1079 1294 1138 doctrinalium
1342 1097 1490 1138 suae
1525 1078 1836 1137 Ecclesiae
1876 1086 1935 1136 et
1976 1077 2224 1137 aliarum
2264 1077 2532 1149 suerunt,
2590 1095 2703 1135 nec

583 1183 901 1258 quicquam
941 1181 1361 1256 applicuerunt
1407 1183 1596 1250 vitae,
1647 1179 1732 1239 illi
1768 1186 2014 1256 petrosa
2048 1179 2162 1236 sibi
2205 1179 2459 1253 eligunt,
2508 1185 2570 1236 et
2603 1180 2702 1235 in-

582 1292 674 1342 ter
726 1283 1034 1358 congeries
1082 1298 1299 1340 saxeas
1350 1281 1652 1353 habitant,
1732 1281 1869 1339 loca
1923 1280 2162 1339 exculta
2219 1280 2482 1354 fugiunt,
2562 1280 2707 1354 quia

583 1385 947 1442 aversationi
984 1391 1138 1439 sunt.
1220 1383 1336 1458 Qui
1388 1384 1585 1438 omnia
1636 1390 1885 1440 naturae
1924 1380 2308 1454 addixerunt,
2367 1388 2427 1437 et
2464 1396 2705 1455 quoque

585 1486 688 1558 qui
731 1485 928 1542 omnia
965 1482 1319 1558 prudentiae
1360 1485 1675 1558 propriae,
1720 1501 1789 1542 ac
1816 1502 1926 1560 per
1957 1485 2155 1541 varias
2195 1490 2355 1539 artes
2385 1498 2452 1539 se
2483 1496 2709 1539 evexe-

581 1591 720 1641 runt
755 1583 832 1641 ad
864 1583 1156 1656 honores,
1206 1592 1266 1641 et
1306 1583 1525 1642 lucrati
1564 1592 1705 1642 sunt
1749 1601 1928 1661 opes,
1977 1583 2203 1641 artibus
2241 1582 2504 1658 magiciS,
2548 1599 2710 1656 quae

585 1692 725 1741 sunt
761 1682 989 1740 abusus
1030 1684 1249 1742 ordinis
1294 1685 1525 1757 Dii-ini,
1583 1687 1642 1742 in
1684 1685 1875 1744 altera
1911 1688 2037 1742 vita
2074 1684 2342 1754 student,
2384 1684 2446 1740 in
2483 1681 2707 1758 quibus

576 1783 1078 1860 jucundissimum
1124 1787 1284 1843 vitae
1329 1787 1688 1863 percipiunt.
1781 1785 1878 1844 Illi
1921 1788 2024 1860 qui
2067 1802 2213 1842 vera
2246 1785 2465 1843 Divina
2500 1782 2700 1860 appli-

583 1891 837 1944 cuerunt
875 1886 998 1943 suis
1047 1887 1379 1958 amoribus,
1438 1894 1496 1945 et
1533 1893 1618 1945 sic
1654 1887 1759 1945 illa
1794 1886 2296 1956 falsificaverunt,
2337 1896 2540 1942 amant
2573 1885 2705 1941 uri-

582 2003 761 2061 nosa,
820 1989 963 2061 quia
1008 1989 1253 2045 urinosa
1306 1988 1776 2062 correspondent
1808 1986 2092 2063 jucundis
2147 1985 2284 2043 talis
2333 1986 2551 2042 amoris
2592 1980 2708 2064 (u).

579 2086 678 2145 Illi
723 2089 824 2161 qui
881 2087 1120 2146 sordide
1170 2090 1337 2145 avari
1384 2089 1655 2158 fuerunt,
1711 2087 1984 2146 habitant
2029 2089 2090 2145 in
2140 2085 2308 2145 cellis
2323 2130 2340 2161 ,
2397 2094 2458 2145 et
2505 2092 2712 2144 amant

583 2187 796 2245 sordes
835 2186 1078 2259 suillas,
1122 2194 1186 2244 et
1228 2204 1467 2263 quoque
1502 2188 1810 2261 nidorosa,
1868 2188 2068 2264 qualia
2110 2187 2464 2246 exhalantur
2501 2204 2577 2246 ex
2608 2189 2708 2244 in-

582 2287 832 2363 digestis
889 2286 1222 2345 ventriculi.
1300 2286 1419 2362 Qui
1460 2289 1522 2344 in
1571 2291 1748 2347 meris
1794 2288 2205 2365 voluptatibus
2251 2295 2580 2366 exegerunt
2617 2291 2710 2346 vi-

580 2396 738 2461 tam,
807 2404 878 2447 ac
939 2385 1197 2446 delicate
1252 2389 1555 2463 vixerunt,
1621 2406 1690 2447 ac
1736 2388 2110 2448 indulserunt
2156 2389 2334 2466 gulae
2386 2397 2447 2448 et
2495 2390 2712 2458 ventri,

580 2495 852 2547 amantes
889 2488 994 2547 illa
1036 2497 1100 2547 ut
1143 2506 1437 2547 summum
1476 2492 1637 2548 vitae
1674 2491 1892 2549 bonum
1912 2535 1927 2566 ,
1983 2490 2070 2559 illi
2111 2493 2171 2549 in
2207 2490 2397 2549 altera
2432 2493 2557 2548 vita
2594 2507 2706 2548 ex-

581 2594 955 2650 crementitia
1011 2599 1073 2650 et
1124 2592 1374 2651 latrinas
1439 2601 1674 2666 amant,
1748 2593 1900 2651 haec
1961 2601 2098 2651 tunc
2151 2592 2271 2651 illis
2325 2592 2715 2651 delectationi

581 2698 721 2750 sunt
734 2712 751 2767 3
792 2709 863 2751 ex
904 2709 1132 2765 causa,
1179 2695 1318 2767 quia
1356 2694 1509 2751 tales
1539 2693 1878 2770 voluptates
1916 2701 2055 2752 sunt
2083 2693 2293 2752 sordes
2330 2692 2710 2771 spirituales;

581 2792 716 2851 loca
750 2792 971 2850 munda
1012 2794 1374 2851 et‘sordium
1416 2797 1689 2869 expertia
1730 2796 1992 2870 fugiunt,
2051 2797 2192 2870 quia
2229 2794 2346 2852 illis
2386 2793 2717 2871 injucunda

582 2898 737 2950 sunt.
834 2892 958 2961 Illi,
1008 2896 1206 2968 quiin
1258 2894 1571 2953 adulteriis
1610 2895 1944 2970 jucundum
2000 2902 2318 2971 ceperunt,
2366 2897 2425 2953 in
2462 2895 2711 2971 lupina-

582 2991 748 3050 ribus
790 2992 1049 3067 degunt,
1113 2994 1214 3052 ubi
1253 2994 1492 3053 sordida
1552 3002 1612 3053 et
1661 2996 1960 3073 squallida
2004 2999 2228 3072 omnia3
2281 2997 2433 3055 haec
2487 3003 2711 3071 amant,

582 3109 652 3149 ac
691 3098 890 3149 castas
930 3077 1135 3150 domos
1173 3095 1439 3171 fugiunt3
1496 3102 1564 3152 ut
1618 3099 1872 3174 primum
1909 3097 1986 3155 ad
2018 3098 2130 3155 has
2171 3099 2442 3169 veniunt,
2499 3100 2561 3155 in
2594 3097 2710 3156 de—

580 3192 831 3268 liquium
879 3193 1129 3266 cadunt,
1184 3193 1331 3251 nihil
1359 3194 1686 3272 jucundius
1735 3197 1853 3255 illis
1897 3207 1990 3256 est
2028 3215 2203 3275 quam
2251 3198 2522 3258 scindere
2560 3214 2711 3258 con-

557 3340 565 3352 ,
574 3295 765 3370 jugia.
864 3292 981 3370 Qui
1017 3294 1314 3353 vindictae
1355 3295 1560 3372 cupidi
1599 3299 1871 3367 fuerunt,
1925 3307 1986 3357 et
2022 3298 2160 3357 inde
2190 3306 2562 3358 attraxerunt
2593 3316 2712 3357 na-

587 3407 781 3454 turam
823 3411 1067 3455 saevam
1107 3405 1169 3455 et
1204 3396 1544 3469 crudelem,
1597 3398 1967 3459 cadaverosa
2000 3407 2230 3477 amant3
2270 3407 2331 3459 et
2366 3417 2605 3478 quoque
2648 3402 2718 3458 in

582 3496 805 3556 talibus
848 3499 1092 3557 infernis
1133 3505 1288 3556 sunt.
1376 3498 1496 3557 Alii
1532 3498 1721 3559 aliter.

742 3601 907 3658 489.
981 3599 1265 3660 ,Iucunda
1307 3607 1508 3660 autem
1556 3604 1715 3659 vitae
1761 3599 2030 3675 illorum,
2088 3604 2190 3676 qui
2225 3604 2285 3660 in
2321 3618 2524 3661 amore
2562 3619 2714 3661 coe-

582 3697 725 3756 lesti
772 3700 833 3756 in
877 3700 1096 3758 mundo
1134 3703 1440 3776 vixerunt,
1495 3710 1813 3762 vertuntur
1847 3703 1906 3759 in
1949 3703 2511 3778 correspondentia‚
2553 3721 2708 3779 qua·

584 3796 667 3854 lia
701 3806 844 3855 sunt
881 3801 942 3857 in
981 3799 1211 3872 CoeliS,
1264 3818 1418 3877 quae
1458 3804 1723 3861 exiStunt
1759 3820 1834 3861 ex
1870 3801 2010 3861 Sole
2050 3802 2251 3875 Coeli,
2309 3812 2369 3862 et
2416 3822 2492 3863 ex
2542 3804 2718 3864 Luce

584 3895 755 3970 inde,
815 3915 968 3971 quae
1006 3900 1147 3960 Lux„
1188 3900 1265 3958 ad
1300 3904 1493 3959 visum
1550 3906 1711 3962 sistit
1757 3903 1936 3977 talia,
1992 3921 2148 3984 quae
2183 3906 2345 3962 intus
2380 3907 2439 3962 in
2487 3922 2555 3964 se
2606 3923 2714 3964 re-

586 3994 847 4054 condunt
878 3996 1104 4056 Divina
1115 4018 1132 4073 3
1174 4000 1280 4058 illa
1314 4018 1469 4074 quae
1503 4003 1643 4063 inde
1681 4009 2005 4080 apparent,
2048 4004 2316 4063 afficiunt
2339 4006 2719 4082 Angelorum

626 4222 830 4356 390(ιι)
876 4219 1042 4285 Quod
1084 4222 1607 4292 conspurcationes
1661 4226 1781 4280 veri
1828 4231 2325 4300 cor-respondeant
2364 4230 2598 4294 urinae,
2646 4249 2718 4282 n:

587 4306 618 4357 ὁ
741 4338 754 4352 .
1188 4333 1197 4338 ν
