3013 5114
839 408 1179 474 QUATUOR
1218 409 1509 465 PLAGAE
1551 410 1627 464 1N
1670 408 1922 467 COELO.
2363 423 2432 472 77

311 569 606 644 mundae,
648 575 716 627 ut
748 571 810 627 in
844 569 1347 645 praecedentibus
1386 576 1689 629 ostensum
1730 575 1837 628 est.
1906 569 1998 628 Ex
2033 568 2126 626 his
2157 576 2435 630 constare

306 677 547 750 potest,
610 670 908 745 quomodo
957 670 1414 746 intelligendum
1465 676 1588 744 est,
1645 670 1807 746 quod
1838 688 1950 746 per
1984 668 2254 728 Verbum
2300 688 2431 732 om-

313 775 417 831 nia
477 771 641 829 facta
693 771 840 844 sint,
909 776 969 828 et
1015 770 1175 846 quod
1223 771 1454 846 absque
1502 770 1605 829 illo
1657 771 1880 829 sactum
1939 773 2017 828 sit
2069 771 2217 829 nihil
2274 771 2437 847 quod

314 873 541 932 sactum
573 877 694 939 est,
734 876 793 930 et
831 869 990 946 quod
1026 872 1206 929 etiam
1241 872 1497 930 mundus
1525 888 1637 947 per
1660 869 1871 947 Ipsum
1905 871 2101 929 factus
2140 873 2236 946 sit,
2276 871 2438 948 quod

313 989 535 1048 nempe
574 989 687 1047 per
720 971 1004 1029 Divinum
1039 971 1270 1030 Verum
1303 989 1340 1029 a
1366 972 1623 1030 Domino
1662 966 1814 1051 (uu).
1873 969 2022 1028 Inde
2054 988 2291 1047 quoque
2323 979 2432 1046 est,

320 1072 484 1151 quod
520 1075 582 1130 in
616 1071 800 1129 Libro
841 1073 1160 1130 creationis
1206 1075 1464 1148 primum
1500 1073 1735 1131 dicatur
1770 1071 1843 1129 de
1888 1071 2084 1144 Luce,
2141 1078 2201 1130 et
2234 1074 2295 1129 in
2332 1089 2433 1132 se-

321 1173 643 1251 quentibus
685 1171 759 1230 de
794 1171 913 1229 illis
953 1188 1108 1247 quae
1148 1190 1184 1230 a
1217 1172 1404 1245 Luce,
1458 1171 1693 1231 Genes:
1744 1172 1804 1230 I:
1856 1172 1915 1229 3.
1959 1174 2020 1229 4.
2089 1170 2165 1228 Et
2195 1189 2435 1248 quoque

315 1274 456 1334 inde
490 1279 610 1347 est,
669 1272 829 1347 quod
865 1274 1062 1330 omnia
1100 1273 1158 1330 in
1197 1275 1476 1331 universo
1526 1280 1648 1331 tam
1688 1272 1857 1330 coelo
1895 1288 2073 1347 quam
2110 1271 2330 1331 mundo
2368 1289 2437 1330 se

316 1375 586 1433 referant
621 1372 698 1430 ad
732 1372 968 1431 Bonum
1004 1380 1064 1432 et
1109 1372 1370 1443 Verum,
1425 1381 1484 1432 et
1536 1372 1613 1433 ad
1663 1372 2142 1450 conjunctionem
2182 1372 2435 1448 illorum,

315 1481 385 1534 ut
418 1477 537 1534 sint
567 1473 793 1549 aliquid
833 1467 940 1554 (k).
1473 1530 1478 1535 ,

480 1576 640 1634 139.
718 1571 1038 1633 Sciendum
1077 1582 1195 1647 est,
1266 1574 1427 1652 quod
1459 1574 2015 1634 DivinumBonum
2054 1580 2115 1632 et
2147 1572 2436 1635 Divinum

316 1675 578 1750 Verum,
644 1692 799 1751 quac
851 1692 886 1732 a
934 1676 1191 1734 Domino
1231 1680 1296 1733 ut
1334 1675 1474 1736 Sole
1523 1676 1583 1732 in
1625 1675 1809 1734 coelis
1847 1681 2014 1749 sunt,
2067 1691 2185 1732 non
2222 1676 2341 1732 sint
2374 1676 2437 1734 in

319 1777 608 1846 Domino,
646 1775 757 1834 sed
791 1793 828 1833 a
860 1775 1150 1852 Domin03
1189 1778 1252 1832 in
1286 1776 1542 1835 Domino
1583 1781 1677 1834 est
1712 1775 1904 1833 solum
1940 1775 2200 1833 Divinus
2228 1775 2432 1848 Amor,

321 1880 426 1954 qui
465 1883 559 1936 est
592 1876 747 1935 Esse
779 1893 859 1935 ex
897 1893 1014 1952 quo
1043 1878 1327 1935 Existunt
1361 1875 1465 1934 illa
1476 1894 1492 1951 3
1550 1874 1825 1934 Existere
1864 1892 1938 1932 ex
1971 1875 2124 1932 Esse
2150 1874 2438 1950 intelligi-

313 1984 413 2037 tur
449 1995 561 2055 per
594 1976 949 2036 Procedere.
1032 1977 1164 2036 Hoc
1203 1993 1442 2052 quoque
1478 1975 1767 2033 illustrari
1802 1981 2004 2050 potest
2038 1991 2150 2049 per
2185 1990 2434 2049 compa-

314 2082 610 2138 rationem
651 2096 785 2136 cum
821 2076 961 2136 Sole
998 2077 1229 2150 mundi;
1283 2076 1446 2135 calor
1484 2083 1544 2136 et
1578 2076 1710 2150 lux,
1753 2093 1906 2152 quae
1943 2076 2004 2133 in
2040 2074 2277 2148 mundo,
2317 2091 2435 2132 non

316 2186 459 2240 sunt
504 2182 568 2238 in
613 2179 744 2237 sole
792 2179 900 2236 sed
955 2196 991 2235 a
1035 2178 1195 2249 sole,
1248 2179 1310 2236 in
1351 2178 1480 2237 sole
1529 2184 1623 2236 est
1677 2177 1873 2236 solum
1909 2178 2095 2254 igniS,
2156 2180 2216 2234 et
2252 2192 2327 2235 ex
2363 2191 2436 2234 eo

315 2260 585 2341 existunt
620 2285 680 2338 et
714 2280 1047 2356 procedunt
1079 2279 1203 2338 illa.

481 2383 644 2439 140.
700 2379 857 2456 Quia
890 2380 1180 2438 Dominus
1221 2387 1285 2438 ut
1321 2378 1425 2438 Sol
1464 2385 1557 2438 est
1590 2379 1849 2442 Divinus
1886 2379 2107 2451 Amor,
2160 2382 2218 2436 et
2255 2377 2435 2434 Divi-

313 2501 430 2542 nus
469 2483 653 2541 Amor
701 2487 795 2539 est
839 2479 1048 2556 Ipsum
1095 2481 1377 2538 Divinum
1422 2479 1689 2548 Bonum,
1755 2478 1891 2536 ideo
1941 2478 2224 2536 Divinum
2275 2477 2436 2552 quod

313 2583 594 2664 procedit
622 2582 695 2640 ab
731 2581 908 2658 Ipso,
950 2582 1110 2658 quod
1147 2588 1239 2641 est
1273 2582 1557 2639 Divinum
1592 2565 1797 2656 Ipsius
1839 2581 1902 2636 in
1942 2576 2158 2647 Coe10,
2216 2577 2430 2635 distin-

315 2687 534 2747 ctionis
572 2699 760 2743 causa
803 2690 1058 2742 vocatur
1098 2682 1385 2740 Divinum
1421 2681 1679 2754 Verum,
1736 2679 1976 2737 tametsi
2025 2684 2117 2736 est
2150 2677 2436 2736 Divinum

315 2787 553 2845 Bonum
600 2785 833 2842 unitum
876 2784 1095 2843 Divino
1133 2783 1314 2841 Vere.
1404 2782 1689 2840 Divinum
1736 2781 1850 2839 hoc
1885 2778 2114 2839 Verum
2151 2784 2243 2838 est
2279 2776 2440 2854 quod

318 2893 573 2947 vocatur
610 2884 894 2944 Sanctum
929 2884 1265 2962 procedens
1302 2882 1378 2941 ab
1412 2882 1576 2960 ΙΡεο.

672 3064 803 3132 Ι)θ
859 3060 1260 3158 Quatuor
1310 3059 1595 3156 Plagis
1651 3060 1734 3129 in
1793 3056 2083 3128 Coelo.
2131 3165 2134 3167 q

483 3230 646 3287 141.
727 3226 799 3286 In
865 3225 1047 3286 Coelo
1102 3229 1259 3285 sicut
1303 3228 1362 3284 in
1416 3225 1639 3284 Mundo
1690 3230 1830 3283 sunt
1879 3218 2134 3299 quatuor
2189 3221 2435 3297 Plagae,

319 3331 560 3401 Oriens,
611 3327 913 3400 Meridies,
954 3325 1267 3398 Οθθίἀθηε,
1312 3333 1372 3387 θῖ
1411 3327 1786 3401 SeptentriO,
1824 3328 2103 3399 utrinque
2142 3321 2429 3380 determi-

321 3438 503 3491 natae
542 3448 578 3488 a
612 3446 723 3488 suo
762 3427 930 3499 Sole,
969 3430 1030 3485 in
1067 3427 1250 3487 Coelo
1292 3445 1330 3484 a
1371 3427 1513 3488 Sole
1552 3426 1704 3485 coeli
1733 3428 1836 3501 qui
1871 3430 1965 3484 est
1999 3422 2326 3491 Dominus,
2374 3422 2437 3479 in

320 3532 547 3591 Mundo
585 3549 622 3588 a
655 3530 783 3589 sole
818 3529 1049 3604 mundi3
1106 3527 1214 3587 sed
1250 3543 1441 3603 usque
1487 3526 1806 3586 intercedit
1849 3523 2037 3582 multa
2074 3520 2435 3596 differentia3

320 3634 528 3693 PnnuA
565 3637 674 3702 est,
709 3630 870 3706 quod
892 3631 954 3688 in
991 3628 1208 3687 mundo
1247 3628 1479 3686 dicatur
1513 3625 1795 3685 Meridies
1833 3625 1934 3682 ubi
1970 3622 2064 3682 sol
2089 3624 2151 3680 in
2177 3623 2438 3679 maxima

320 3751 436 3793 sua
484 3731 797 3791 altitudine
842 3746 1030 3807 supra
1074 3736 1296 3788 terram
1349 3738 1468 3802 est,
1526 3726 1873 3804 Septentrio
1920 3724 2024 3781 ubi
2059 3724 2119 3780 in
2157 3724 2436 3798 opposito

321 3836 478 3894 infra
517 3840 738 3892 terram
775 3837 903 3902 est,
958 3829 1172 3889 Oriens
1211 3829 1310 3887 ubi
1346 3832 1406 3886 in
1442 3828 1839 3903 aequinoctiis
1878 3826 2095 3894 oritur,
2160 3828 2220 3881 et
2255 3821 2435 3882 Occi-

324 3936 474 3995 dens
510 3934 613 3992 ubi
650 3939 790 3992 tunc
831 3931 1083 4007 occidit3
1138 3932 1224 3989 ita
1257 3932 1318 3989 in
1352 3928 1573 3988 mundo
1604 3946 1640 3985 a
1673 3926 1924 3987 Meridie
1965 3925 2437 3983 determinantur

475 4158 608 4224 (uu)
671 4156 840 4236 Quod
882 4157 1155 4209 Divinum
1198 4157 1418 4207 Verum
1460 4150 1787 4225 procedens
1828 4168 1859 4204 a
1901 4148 2156 4204 Domino
2199 4146 2274 4201 sit
2312 4146 2437 4199 uni·

318 4253 450 4289 cum
491 4236 682 4297 reale,
747 4252 812 4286 n:
860 4241 1028 4294 6880.
1079 4239 1246 4292 7004.
1288 4238 1456 4291 8200.
1540 4228 1705 4295 Quod
1749 4246 1854 4300 pcr
1897 4226 2171 4278 Divinum
2216 4226 2437 4277 Verum

320 4313 515 4365 omnia
556 4311 707 4365 facta
747 4321 804 4365 et
846 4320 1039 4363 creata
1081 4308 1212 4372 sint,
1257 4325 1320 4360 n:
1367 4314 1536 4367 2803.
1582 4312 1751 4366 2884.
1798 4309 1966 4363 5272.
2005 4307 2172 4360 7835.
