3013 5114
288 421 494 478 HOMO
533 421 726 477 POST
765 422 1077 478 MORTEM
1117 424 1250 478 EST
1293 424 1550 490 QUALIS
1596 425 1764 480 EJUS
1805 424 1978 479 VITA
2022 426 2200 482 FUIT.
2294 438 2404 490 293

291 593 353 646 et
388 601 625 662 quoque
666 584 1013 662 pulchriora
1050 586 1277 655 omnia,
1341 600 1411 642 ac
1465 601 1536 644 eo
1578 584 2003 661 intelligentius
2053 594 2111 644 et
2158 589 2404 663 sapien-

288 692 410 747 tius
449 688 791 764 percipiunt
828 703 991 744 vera.
1085 684 1203 760 Qui
1254 687 1313 743 in
1354 702 1557 744 amore
1609 702 1897 762 corporeo
1948 694 2116 759 sunt,
2168 704 2402 764 nequa-

289 807 469 866 quam
497 789 701 848 vivere
736 792 990 863 possunt
1017 787 1077 843 in
1115 785 1314 845 calore
1344 785 1516 861 coeli,
1558 804 1696 845 nam
1731 786 1893 845 calor
1929 785 2096 847 Coeli
2135 795 2227 848 est
2262 806 2405 849 coe—

288 890 464 949 lestis
506 905 699 964 amor,
756 886 866 946 sed
904 889 963 945 in
1000 886 1199 947 calore
1234 888 1477 967 inferpi‚
1535 890 1639 963 qui
1679 896 1769 947 est
1804 904 1969 946 amor
2007 890 2314 953 saeviendi
2351 892 2409 948 in

288 990 441 1048 alios
475 989 581 1065 qui
605 987 720 1048 sibi
747 1006 864 1047 non
889 988 1120 1063 favent3
1161 994 1494 1047 contemtus
1527 989 1806 1063 aliorum,
1846 990 2209 1065 inimicitiae,
2250 990 2403 1067 odia,

286 1089 618 1163 vindictae,
672 1095 813 1148 sunt
858 1089 1018 1148 illius
1066 1091 1286 1148 amoris
1330 1090 1636 1166 Jucunda,
1695 1090 1754 1147 in
1806 1089 2020 1166 quibus
2071 1108 2203 1150 cum
2248 1101 2406 1163 sunt,

289 1192 352 1248 in
382 1207 496 1248 sua
528 1192 653 1248 vita
689 1196 854 1262 sunt,
910 1205 1157 1266 prorsus
1201 1208 1318 1248 non
1357 1193 1617 1249 seientes
1655 1191 1796 1267 quid
1831 1193 1908 1250 sit
1951 1190 2169 1250 bonum
2204 1192 2405 1253 facere

283 1291 420 1350 aliis
461 1308 535 1350 ex
572 1293 703 1368 ipso
743 1290 930 1359 bono,
984 1298 1044 1350 et
1077 1298 1324 1368 propter
1369 1292 1567 1366 ipsum
1613 1292 1868 1365 bonum,
1925 1292 2035 1351 sed
2070 1293 2244 1355 modo
2287 1294 2400 1354 bo-

283 1410 424 1453 num
465 1409 534 1450 ex
573 1391 731 1450 malo
762 1399 823 1452 et
857 1397 1103 1468 propter
1131 1391 1369 1452 malum.
1452 1391 1570 1468 Qui
1603 1395 1661 1451 in
1700 1411 1900 1452 amore
1931 1411 2219 1471 corporeo
2247 1403 2404 1467 sunt,

282 1510 396 1552 nec
448 1494 751 1569 respirare
803 1499 1058 1569 possunt
1109 1495 1169 1551 in
1216 1493 1416 1566 coelo,
1474 1510 1612 1553 eum
1654 1493 1870 1569 aliquis
1922 1494 2116 1559 maius
2156 1497 2402 1572 spiritus

279 1594 423 1654 illuc
468 1594 688 1669 fertur,
744 1593 928 1652 trahit
976 1596 1233 1652 animam
1272 1596 1429 1654 sicut
1482 1597 1585 1671 qui
1630 1594 1865 1654 laborat
1912 1598 1972 1654 in
2021 1613 2240 1673 agone3
2301 1598 2403 1672 qui

288 1702 492 1753 autem
528 1695 588 1752 in
627 1694 873 1754 coelesti
910 1712 1111 1754 amore
1152 1702 1318 1769 sunt,
1386 1712 1457 1753 eo
1503 1694 1750 1754 liberius
1785 1699 2114 1774 respirant,
2168 1705 2227 1757 et
2261 1698 2399 1775 ple-

281 1798 418 1854 nius
456 1798 690 1865 vivunt,
747 1813 866 1872 quo
908 1797 1156 1855 interius
1203 1797 1262 1852 in
1306 1795 1509 1854 Coelo,
1604 1796 1690 1853 Ex
1738 1796 1832 1855 his
1869 1805 2144 1857 constare
2179 1805 2402 1875 potest,

280 1896 439 1973 quod
480 1912 647 1955 amor
688 1895 976 1955 coelestis
1012 1902 1071 1954 et
1120 1896 1448 1971 spiritualis
1488 1897 1567 1954 sit
1604 1896 1837 1956 eoelum
1883 1898 2046 1972 apud
2081 1898 2401 1969 hominem,

282 2000 424 2075 quia
461 1996 548 2055 illi
582 1999 771 2056 amori
811 1999 1008 2055 omnia
1047 1994 1214 2055 Coeli
1239 1999 1527 2072 inscripta
1553 2003 1724 2073 sunt;
1764 2003 1823 2056 et
1859 1998 2017 2072 quod
2059 2015 2224 2055 amor
2263 2016 2399 2057 cor-

277 2114 502 2175 poreus
542 2104 601 2156 et
642 2097 976 2156 mundanus
1025 2083 1254 2174 a‘bsque
1307 2098 1558 2157 coelesti
1607 2104 1666 2155 et
1704 2097 2002 2174 spirituali
2048 2101 2164 2157 sint
2212 2100 2398 2158 inser-

274 2217 420 2257 num
457 2198 621 2276 apud
654 2198 981 2272 hominem,
1030 2200 1170 2275 quia
1204 2199 1320 2258 illis
1360 2196 1660 2258 amoribus
1700 2201 1897 2258 omnia
1931 2200 2144 2282 inserui
2183 2202 2399 2260 inscri-

275 2305 383 2377 pta
417 2305 574 2358 sunt.
657 2299 749 2358 Ex
793 2299 885 2358 his
923 2307 1122 2376 patet,
1179 2300 1335 2376 quod
1383 2303 1441 2359 in
1498 2300 1749 2361 Coelum
1791 2304 2019 2375 veniat,
2087 2305 2182 2361 cui
2235 2319 2401 2361 amor

277 2400 559 2461 coelestis
590 2412 651 2459 et
686 2402 1014 2477 spiritualis
1053 2406 1173 2475 est,
1231 2418 1299 2459 ac
1328 2405 1387 2460 in
1423 2402 1720 2461 infernum
1758 2405 1854 2461 cui
1882 2419 2046 2461 amor
2074 2420 2396 2479 corporeus

277 2507 339 2563 et
372 2501 707 2561 mundanus
745 2502 975 2579 absque
1014 2500 1262 2562 coelesti
1301 2509 1360 2562 et
1396 2502 1690 2579 spirituali
1719 2508 1827 2562 est.

433 2605 593 2662 482.
657 2602 848 2679 Quod
871 2602 1044 2684 fides
1069 2621 1194 2661 non
1221 2612 1474 2664 maneat
1500 2602 1813 2662 hominem
1841 2603 1902 2662 si
1930 2622 2053 2664 non
2080 2622 2158 2663 ew
2186 2621 2402 2663 amore

276 2700 528 2765 coelesti
562 2704 677 2778 sit,
728 2722 838 2780 per
875 2711 994 2762 tam
1022 2703 1269 2762 multam
1308 2705 1739 2779 experientiam
1777 2704 1918 2761 mihi
1954 2705 2399 2763 manifestatum

275 2813 406 2876 est,
456 2811 524 2864 ut
558 2808 611 2864 si
657 2806 762 2865 illa
803 2823 959 2882 quae
1009 2805 1129 2862 vidi
1181 2811 1239 2864 et
1287 2806 1492 2864 audivi
1542 2805 1614 2862 de
1666 2822 1738 2863 ea
1787 2821 1879 2877 re,
1938 2805 2393 2877 adducerentur,

272 2907 593 2985 implerent
636 2907 886 2966 librum:
966 2906 1079 2964 hoc
1128 2909 1336 2965 testari
1381 2922 1662 2983 possum,
1732 2902 1890 2981 quod
1936 2923 2183 2982 prorsus
2233 2906 2397 2964 nulla

267 3007 422 3069 fides
459 3010 566 3083 sit,
630 3025 740 3067 nec
786 3007 910 3066 ulla
947 3008 1074 3065 dari
1122 3009 1315 3083 possit
1353 3008 1516 3084 apud
1562 3006 1696 3065 illos
1746 3009 1849 3084 qui
1897 3009 1956 3065 in
2006 3025 2207 3067 amore
2255 3025 2390 3065 cor·-

266 3124 456 3187 poreo
497 3124 568 3167 ac
605 3108 900 3168 mundano
931 3108 1161 3184 absque
1201 3107 1449 3167 coelesti
1486 3116 1546 3168 et
1581 3107 1878 3184 spirituali
1912 3116 2080 3182 sunt,
2143 3116 2201 3168 et
2230 3110 2390 3185 quod

267 3208 448 3270 modo
483 3211 563 3267 sit
597 3212 880 3284 scientia,
936 3216 1041 3268 aut
1076 3212 1393 3286 persuasio
1432 3208 1592 3287 quod
1627 3227 1837 3268 verum
1866 3213 1972 3284 sit,
2032 3211 2173 3286 quia
2208 3212 2393 3268 servit

268 3311 458 3370 amori
493 3326 642 3386 suo;
698 3310 938 3369 adducti
977 3328 1212 3388 quoque
1250 3316 1391 3369 sunt
1437 3312 1644 3388 plures
1693 3327 1767 3368 ex
1820 3311 1934 3369 illis
1975 3312 2074 3386 qui
2110 3319 2390 3367 autuma-

266 3416 487 3470 verunt
535 3427 601 3469 se
648 3413 708 3469 in
752 3411 869 3471 fide
914 3413 1132 3486 fuisse,
1198 3410 1276 3469 ad
1321 3412 1458 3470 illos
1505 3413 1609 3488 qui
1650 3412 1712 3467 in
1763 3411 1910 3478 fide,
1969 3417 2028 3468 et
2076 3416 2216 3468 tuuc
2254 3410 2393 3467 data

271 3511 804 3570 communicatione
856 3519 1289 3588 perceperunt,
1360 3511 1523 3588 quod
1568 3526 1818 3586 prorsus
1846 3509 2023 3596 ⁸nulla
2074 3508 2192 3567 illis
2242 3508 2391 3569 fides

269 3610 349 3668 sit
363 3628 380 3684 3
452 3610 712 3668 confessi
756 3613 935 3668 etiam
977 3619 1116 3670 sunt
1156 3618 1401 3687 postea,
1467 3610 1627 3691 quod
1668 3610 1863 3669 solum
1903 3608 2146 3668 credere
2184 3627 2391 3669 verum

267 3727 341 3771 ac
378 3707 677 3779 Verbum,
729 3726 847 3767 non
896 3712 973 3769 sit
1018 3711 1202 3782 fides,
1255 3710 1363 3769 sed
1400 3727 1602 3768 amare
1645 3728 1853 3770 verum
1891 3727 1965 3767 ex
2005 3727 2205 3770 amore
2243 3728 2383 3770 coe-

263 3812 432 3886 lesti,
490 3827 560 3870 ac
595 3809 656 3870 id
683 3809 842 3870 velle
880 3817 939 3869 et
972 3810 1172 3870 facere
1226 3827 1300 3868 ex
1352 3811 1663 3870 affectione
1712 3812 2024 3870 interiore:
2081 3819 2385 3872 ostensum

267 3916 449 3973 etiam
475 3918 588 3985 est,
625 3912 782 3988 quod
816 3915 1133 3988 persuasio
1169 3912 1436 3986 illorum,
1480 3929 1660 3987 quam
1688 3910 1965 3971 dixerunt
1991 3911 2186 3982 fidem,
2224 3925 2390 3974 esset

264 4013 442 4073 modo
487 4016 645 4074 sicut
678 4013 782 4073 lux
807 4014 1066 4091 hyemis,
1131 4016 1191 4071 in
1235 4031 1354 4090 qua
1396 4015 1536 4091 quia
1576 4031 1694 4073 non
1733 4020 1826 4073 est
1864 4013 2060 4082 calor,
2112 4017 2172 4074 in
2210 4018 2385 4073 terris

265 4116 467 4174 omnia
501 4118 822 4175 constricta
860 4115 1003 4192 gelu
1051 4122 1428 4192 torpescunt,
1483 4121 1545 4174 et
1593 4117 1705 4176 sub
1755 4117 1891 4173 nive
1934 4116 2172 4193 jacent;
2231 4132 2382 4190 qua-

261 4220 514 4294 propter
548 4215 652 4274 lux
689 4216 829 4276 fidei
866 4218 1264 4294 persuasivae
1304 4215 1469 4295 apud
1510 4216 1675 4289 illos,
1736 4224 1801 4275 ut
1835 4219 2090 4293 primum
2136 4217 2381 4290 stringi-

267 4321 366 4376 tur
404 4333 441 4375 a
487 4316 668 4377 radiis
706 4317 860 4377 lucis
913 4318 1095 4396 coeli,
1164 4335 1279 4377 non
1327 4318 1501 4377 modo
1553 4319 1978 4396 exstinguitur,
2047 4315 2155 4374 scd
2210 4317 2387 4373 etiam
