<?xml version="1.0" encoding="UTF-8"?>
<!DOCTYPE html PUBLIC "-//W3C//DTD XHTML 1.0 Transitional//EN"
    "http://www.w3.org/TR/xhtml1/DTD/xhtml1-transitional.dtd">
<html xmlns="http://www.w3.org/1999/xhtml" xml:lang="en" lang="en">
 <head>
  <title>
</title>
<meta http-equiv="Content-Type" content="text/html;charset=utf-8" />
  <meta name='ocr-system' content='tesseract 3.04.00' />
  <meta name='ocr-capabilities' content='ocr_page ocr_carea ocr_par ocr_line ocrx_word'/>
</head>
<body>
  <div class='ocr_page' id='page_1' title='image "./decoeloetejusmi00tafegoog_0110.png"; bbox 0 0 3013 5114; ppageno 0'>
   <div class='ocr_carea' id='block_1_1' title="bbox 582 404 2083 472">
    <p class='ocr_par' dir='ltr' id='par_1_1' title="bbox 582 404 2083 472">
     <span class='ocr_line' id='line_1_1' title="bbox 582 404 2083 472; baseline -0.006 0"><span class='ocrx_word' id='word_1_1' title='bbox 582 420 689 472; x_wconf 85' lang='grc'><strong>104</strong></span> <span class='ocrx_word' id='word_1_2' title='bbox 1190 408 1288 462; x_wconf 83' lang='lat' dir='ltr'><strong>DE</strong></span> <span class='ocrx_word' id='word_1_3' title='bbox 1328 406 1569 463; x_wconf 89' lang='lat' dir='ltr'>COELO</span> <span class='ocrx_word' id='word_1_4' title='bbox 1617 408 1711 460; x_wconf 78' lang='grc' dir='ltr'><strong>ΕΤ</strong></span> <span class='ocrx_word' id='word_1_5' title='bbox 1749 404 2083 463; x_wconf 78' lang='lat' dir='ltr'><strong>INFERNO.</strong></span> 
     </span>
    </p>
   </div>
   <div class='ocr_carea' id='block_1_2' title="bbox 558 562 2708 2352">
    <p class='ocr_par' dir='ltr' id='par_1_2' title="bbox 578 562 2708 1047">
     <span class='ocr_line' id='line_1_2' title="bbox 578 562 2702 646; baseline -0 -17"><span class='ocrx_word' id='word_1_6' title='bbox 578 588 677 630; x_wconf 85' lang='lat' dir='ltr'><strong>me</strong></span> <span class='ocrx_word' id='word_1_7' title='bbox 721 569 792 629; x_wconf 79' lang='lat' dir='ltr'><strong>in</strong></span> <span class='ocrx_word' id='word_1_8' title='bbox 833 586 1095 628; x_wconf 79' lang='lat' dir='ltr'><strong>manum</strong></span> <span class='ocrx_word' id='word_1_9' title='bbox 1145 566 1424 643; x_wconf 76' lang='lat' dir='ltr'><strong>inimici,</strong></span> <span class='ocrx_word' id='word_1_10' title='bbox 1494 571 1670 628; x_wconf 76' lang='lat' dir='ltr'><strong>stare</strong></span> <span class='ocrx_word' id='word_1_11' title='bbox 1714 565 1941 646; x_wconf 77' lang='lat' dir='ltr'><strong>fecisti</strong></span> <span class='ocrx_word' id='word_1_12' title='bbox 1992 565 2064 625; x_wconf 80' lang='lat' dir='ltr'><strong>in</strong></span> <span class='ocrx_word' id='word_1_13' title='bbox 2116 562 2463 627; x_wconf 75' lang='lat' dir='ltr'><strong>latitudine</strong></span> <span class='ocrx_word' id='word_1_14' title='bbox 2502 567 2702 646; x_wconf 74' lang='lat' dir='ltr'><strong>pedes</strong></span> 
     </span>
     <span class='ocr_line' id='line_1_3' title="bbox 580 656 2708 745; baseline -0.001 -15"><span class='ocrx_word' id='word_1_15' title='bbox 580 672 821 745; x_wconf 75' lang='lat' dir='ltr'><strong>me03‚“</strong></span> <span class='ocrx_word' id='word_1_16' title='bbox 873 667 1097 728; x_wconf 87' lang='lat' dir='ltr'><strong>Psalm:</strong></span> <span class='ocrx_word' id='word_1_17' title='bbox 1134 668 1391 727; x_wconf 86' lang='lat' dir='ltr'>XXXI:</span> <span class='ocrx_word' id='word_1_18' title='bbox 1435 670 1494 726; x_wconf 86' lang='lat'><strong>9.</strong></span> <span class='ocrx_word' id='word_1_19' title='bbox 1552 665 1717 742; x_wconf 74' lang='lat' dir='ltr'><strong>„Ex</strong></span> <span class='ocrx_word' id='word_1_20' title='bbox 1753 656 2062 745; x_wconf 73' lang='lat' dir='ltr'><strong>anyustia</strong></span> <span class='ocrx_word' id='word_1_21' title='bbox 2097 665 2386 727; x_wconf 77' lang='lat' dir='ltr'><em>invocavi</em></span> <span class='ocrx_word' id='word_1_22' title='bbox 2424 666 2575 744; x_wconf 77' lang='lat' dir='ltr'><strong>Jah,</strong></span> <span class='ocrx_word' id='word_1_23' title='bbox 2604 688 2708 730; x_wconf 80' lang='lat' dir='ltr'><strong>re-</strong></span> 
     </span>
     <span class='ocr_line' id='line_1_4' title="bbox 580 765 2703 850; baseline -0.001 -21"><span class='ocrx_word' id='word_1_24' title='bbox 580 769 841 850; x_wconf 72' lang='lat' dir='ltr'><strong>spondit</strong></span> <span class='ocrx_word' id='word_1_25' title='bbox 877 768 1041 830; x_wconf 76' lang='lat' dir='ltr'><strong>mihi</strong></span> <span class='ocrx_word' id='word_1_26' title='bbox 1076 768 1148 828; x_wconf 77' lang='lat' dir='ltr'><strong>in</strong></span> <span class='ocrx_word' id='word_1_27' title='bbox 1181 766 1636 844; x_wconf 74' lang='lat' dir='ltr'><strong>Latitudine,“</strong></span> <span class='ocrx_word' id='word_1_28' title='bbox 1688 767 1924 826; x_wconf 88' lang='lat' dir='ltr'><strong>Psalm:</strong></span> <span class='ocrx_word' id='word_1_29' title='bbox 1981 765 2275 826; x_wconf 88' lang='lat' dir='ltr'>CXVIH:</span> <span class='ocrx_word' id='word_1_30' title='bbox 2333 769 2404 827; x_wconf 88' lang='lat'><strong>5:</strong></span> <span class='ocrx_word' id='word_1_31' title='bbox 2457 776 2703 845; x_wconf 87' lang='lat' dir='ltr'><strong>praeter</strong></span> 
     </span>
     <span class='ocr_line' id='line_1_5' title="bbox 578 868 2696 949; baseline -0 -19"><span class='ocrx_word' id='word_1_32' title='bbox 578 871 757 941; x_wconf 81' lang='lat' dir='ltr'><strong>alibi,</strong></span> <span class='ocrx_word' id='word_1_33' title='bbox 786 878 853 929; x_wconf 88' lang='lat' dir='ltr'><strong>ut</strong></span> <span class='ocrx_word' id='word_1_34' title='bbox 890 870 1050 947; x_wconf 92' lang='lat' dir='ltr'><strong>apud</strong></span> <span class='ocrx_word' id='word_1_35' title='bbox 1091 869 1337 946; x_wconf 88' lang='lat' dir='ltr'><strong>Esajam</strong></span> <span class='ocrx_word' id='word_1_36' title='bbox 1369 868 1529 946; x_wconf 88' lang='lat' dir='ltr'><strong>Cap:</strong></span> <span class='ocrx_word' id='word_1_37' title='bbox 1570 868 1752 928; x_wconf 89' lang='lat' dir='ltr'>VIII:</span> <span class='ocrx_word' id='word_1_38' title='bbox 1799 870 1873 927; x_wconf 83' lang='lat'><strong>8:</strong></span> <span class='ocrx_word' id='word_1_39' title='bbox 1914 873 1975 928; x_wconf 88' lang='lat' dir='ltr'><strong>et</strong></span> <span class='ocrx_word' id='word_1_40' title='bbox 2009 868 2172 944; x_wconf 91' lang='lat' dir='ltr'><strong>apud</strong></span> <span class='ocrx_word' id='word_1_41' title='bbox 2196 868 2500 928; x_wconf 87' lang='lat' dir='ltr'><strong>Habakuk</strong></span> <span class='ocrx_word' id='word_1_42' title='bbox 2536 870 2696 949; x_wconf 87' lang='lat' dir='ltr'><strong>Cap:</strong></span> 
     </span>
     <span class='ocr_line' id='line_1_6' title="bbox 578 970 1555 1047; baseline -0.003 -16"><span class='ocrx_word' id='word_1_43' title='bbox 578 972 644 1031; x_wconf 85' lang='lat' dir='ltr'><strong>I:</strong></span> <span class='ocrx_word' id='word_1_44' title='bbox 690 974 760 1030; x_wconf 76' lang='lat'><strong>6:</strong></span> <span class='ocrx_word' id='word_1_45' title='bbox 797 973 882 1030; x_wconf 88' lang='lat' dir='ltr'><strong>ita</strong></span> <span class='ocrx_word' id='word_1_46' title='bbox 917 984 1157 1046; x_wconf 88' lang='lat' dir='ltr'><strong>quoque</strong></span> <span class='ocrx_word' id='word_1_47' title='bbox 1192 971 1252 1028; x_wconf 93' lang='lat' dir='ltr'><strong>in</strong></span> <span class='ocrx_word' id='word_1_48' title='bbox 1287 970 1555 1047; x_wconf 79' lang='lat' dir='ltr'><strong>reliquis,</strong></span> 
     </span>
    </p>

    <p class='ocr_par' dir='ltr' id='par_1_3' title="bbox 575 1067 2703 1554">
     <span class='ocr_line' id='line_1_7' title="bbox 744 1067 2703 1147; baseline -0.001 -17"><span class='ocrx_word' id='word_1_49' title='bbox 744 1073 908 1131; x_wconf 88' lang='grc'><strong>198.</strong></span> <span class='ocrx_word' id='word_1_50' title='bbox 989 1072 1081 1130; x_wconf 85' lang='lat' dir='ltr'><strong>Ex</strong></span> <span class='ocrx_word' id='word_1_51' title='bbox 1125 1071 1217 1129; x_wconf 89' lang='lat' dir='ltr'><strong>his</strong></span> <span class='ocrx_word' id='word_1_52' title='bbox 1254 1070 1442 1129; x_wconf 88' lang='lat' dir='ltr'><strong>videri</strong></span> <span class='ocrx_word' id='word_1_53' title='bbox 1477 1075 1708 1147; x_wconf 87' lang='lat' dir='ltr'><strong>potest,</strong></span> <span class='ocrx_word' id='word_1_54' title='bbox 1770 1069 1929 1145; x_wconf 90' lang='lat' dir='ltr'><strong>quod</strong></span> <span class='ocrx_word' id='word_1_55' title='bbox 1973 1070 2034 1127; x_wconf 91' lang='lat' dir='ltr'><strong>in</strong></span> <span class='ocrx_word' id='word_1_56' title='bbox 2073 1067 2288 1144; x_wconf 88' lang='lat' dir='ltr'><strong>Coe10‚</strong></span> <span class='ocrx_word' id='word_1_57' title='bbox 2343 1074 2586 1130; x_wconf 87' lang='lat' dir='ltr'><strong>tametsi</strong></span> <span class='ocrx_word' id='word_1_58' title='bbox 2617 1071 2703 1130; x_wconf 90' lang='lat' dir='ltr'><strong>ibi</strong></span> 
     </span>
     <span class='ocr_line' id='line_1_8' title="bbox 582 1169 2702 1249; baseline -0.001 -18"><span class='ocrx_word' id='word_1_59' title='bbox 582 1174 786 1249; x_wconf 86' lang='lat' dir='ltr'><strong>spatia</strong></span> <span class='ocrx_word' id='word_1_60' title='bbox 820 1177 962 1231; x_wconf 88' lang='lat' dir='ltr'><strong>sunt</strong></span> <span class='ocrx_word' id='word_1_61' title='bbox 996 1173 1151 1230; x_wconf 90' lang='lat' dir='ltr'><strong>sicut</strong></span> <span class='ocrx_word' id='word_1_62' title='bbox 1186 1174 1248 1229; x_wconf 90' lang='lat' dir='ltr'><strong>in</strong></span> <span class='ocrx_word' id='word_1_63' title='bbox 1286 1171 1537 1246; x_wconf 92' lang='lat' dir='ltr'><strong>mundo,</strong></span> <span class='ocrx_word' id='word_1_64' title='bbox 1577 1188 1770 1247; x_wconf 88' lang='lat' dir='ltr'><strong>usque</strong></span> <span class='ocrx_word' id='word_1_65' title='bbox 1806 1169 1951 1227; x_wconf 89' lang='lat' dir='ltr'>nihil</span> <span class='ocrx_word' id='word_1_66' title='bbox 1987 1170 2070 1227; x_wconf 87' lang='lat' dir='ltr'><strong>ibi</strong></span> <span class='ocrx_word' id='word_1_67' title='bbox 2105 1173 2455 1230; x_wconf 82' lang='lat' dir='ltr'><strong>aestimetur</strong></span> <span class='ocrx_word' id='word_1_68' title='bbox 2480 1189 2702 1231; x_wconf 90' lang='lat' dir='ltr'><strong>secun-</strong></span> 
     </span>
     <span class='ocr_line' id='line_1_9' title="bbox 579 1270 2702 1349; baseline -0.001 -17"><span class='ocrx_word' id='word_1_69' title='bbox 579 1273 721 1332; x_wconf 88' lang='lat' dir='ltr'><strong>dum</strong></span> <span class='ocrx_word' id='word_1_70' title='bbox 755 1274 984 1349; x_wconf 85' lang='lat' dir='ltr'><strong>spatia,</strong></span> <span class='ocrx_word' id='word_1_71' title='bbox 1049 1272 1160 1331; x_wconf 90' lang='lat' dir='ltr'><strong>sed</strong></span> <span class='ocrx_word' id='word_1_72' title='bbox 1208 1272 1539 1331; x_wconf 87' lang='lat' dir='ltr'><strong>secundum</strong></span> <span class='ocrx_word' id='word_1_73' title='bbox 1591 1277 1821 1346; x_wconf 84' lang='lat' dir='ltr'><strong>status3</strong></span> <span class='ocrx_word' id='word_1_74' title='bbox 1876 1270 2129 1347; x_wconf 83' lang='lat' dir='ltr'>proinde</span> <span class='ocrx_word' id='word_1_75' title='bbox 2183 1271 2341 1346; x_wconf 90' lang='lat' dir='ltr'><strong>quod</strong></span> <span class='ocrx_word' id='word_1_76' title='bbox 2384 1275 2585 1348; x_wconf 85' lang='lat' dir='ltr'><strong>spatia</strong></span> <span class='ocrx_word' id='word_1_77' title='bbox 2619 1271 2702 1331; x_wconf 90' lang='lat' dir='ltr'><strong>ibi</strong></span> 
     </span>
     <span class='ocr_line' id='line_1_10' title="bbox 575 1371 2703 1448; baseline -0 -17"><span class='ocrx_word' id='word_1_78' title='bbox 575 1391 696 1433; x_wconf 89' lang='lat' dir='ltr'><strong>non</strong></span> <span class='ocrx_word' id='word_1_79' title='bbox 731 1375 1064 1432; x_wconf 86' lang='lat' dir='ltr'><strong>mensurari</strong></span> <span class='ocrx_word' id='word_1_80' title='bbox 1110 1375 1346 1448; x_wconf 82' lang='lat' dir='ltr'><strong>possint</strong></span> <span class='ocrx_word' id='word_1_81' title='bbox 1394 1374 1551 1430; x_wconf 87' lang='lat' dir='ltr'><strong>sicut</strong></span> <span class='ocrx_word' id='word_1_82' title='bbox 1603 1374 1664 1428; x_wconf 92' lang='lat' dir='ltr'><strong>in</strong></span> <span class='ocrx_word' id='word_1_83' title='bbox 1714 1371 1966 1442; x_wconf 88' lang='lat' dir='ltr'><strong>mundo,</strong></span> <span class='ocrx_word' id='word_1_84' title='bbox 2022 1371 2133 1429; x_wconf 87' lang='lat' dir='ltr'><strong>sed</strong></span> <span class='ocrx_word' id='word_1_85' title='bbox 2186 1372 2383 1430; x_wconf 88' lang='lat' dir='ltr'><strong>solum</strong></span> <span class='ocrx_word' id='word_1_86' title='bbox 2429 1373 2624 1432; x_wconf 85' lang='lat' dir='ltr'><strong>videri</strong></span> <span class='ocrx_word' id='word_1_87' title='bbox 2666 1392 2703 1430; x_wconf 83' lang='lat' dir='ltr'><strong>a</strong></span> 
     </span>
     <span class='ocr_line' id='line_1_11' title="bbox 578 1469 2240 1554; baseline 0 -21"><span class='ocrx_word' id='word_1_88' title='bbox 578 1480 743 1534; x_wconf 88' lang='lat' dir='ltr'><strong>statu</strong></span> <span class='ocrx_word' id='word_1_89' title='bbox 775 1480 835 1533; x_wconf 87' lang='lat' dir='ltr'><strong>et</strong></span> <span class='ocrx_word' id='word_1_90' title='bbox 869 1472 1198 1532; x_wconf 85' lang='lat' dir='ltr'><strong>secundnm</strong></span> <span class='ocrx_word' id='word_1_91' title='bbox 1234 1479 1454 1531; x_wconf 88' lang='lat' dir='ltr'><strong>statum</strong></span> <span class='ocrx_word' id='word_1_92' title='bbox 1490 1474 1839 1531; x_wconf 87' lang='lat' dir='ltr'><strong>interiorum</strong></span> <span class='ocrx_word' id='word_1_93' title='bbox 1867 1472 2101 1531; x_wconf 90' lang='lat' dir='ltr'><strong>illorum</strong></span> <span class='ocrx_word' id='word_1_94' title='bbox 2135 1469 2240 1554; x_wconf 88' lang='lat' dir='ltr'><strong>(g).</strong></span> 
     </span>
    </p>

    <p class='ocr_par' dir='ltr' id='par_1_4' title="bbox 558 1573 2701 2352">
     <span class='ocr_line' id='line_1_12' title="bbox 737 1573 2697 1651; baseline -0.001 -19"><span class='ocrx_word' id='word_1_95' title='bbox 737 1575 898 1632; x_wconf 84' lang='lat'><strong>199.</strong></span> <span class='ocrx_word' id='word_1_96' title='bbox 953 1573 1269 1649; x_wconf 89' lang='lat' dir='ltr'><strong>Ipsissima</strong></span> <span class='ocrx_word' id='word_1_97' title='bbox 1315 1575 1510 1649; x_wconf 89' lang='lat' dir='ltr'><strong>prima</strong></span> <span class='ocrx_word' id='word_1_98' title='bbox 1555 1589 1740 1631; x_wconf 90' lang='lat' dir='ltr'><strong>causa</strong></span> <span class='ocrx_word' id='word_1_99' title='bbox 1782 1579 1905 1647; x_wconf 84' lang='lat' dir='ltr'><strong>est,</strong></span> <span class='ocrx_word' id='word_1_100' title='bbox 1963 1573 2124 1648; x_wconf 91' lang='lat' dir='ltr'><strong>quod</strong></span> <span class='ocrx_word' id='word_1_101' title='bbox 2172 1575 2466 1632; x_wconf 81' lang='lat' dir='ltr'>Dominus</span> <span class='ocrx_word' id='word_1_102' title='bbox 2513 1591 2697 1651; x_wconf 83' lang='lat' dir='ltr'><strong>prae-</strong></span> 
     </span>
     <span class='ocr_line' id='line_1_13' title="bbox 577 1670 2701 1754; baseline -0 -21"><span class='ocrx_word' id='word_1_103' title='bbox 577 1690 720 1733; x_wconf 85' lang='lat' dir='ltr'><strong>sens</strong></span> <span class='ocrx_word' id='word_1_104' title='bbox 774 1676 852 1732; x_wconf 90' lang='lat' dir='ltr'><strong>sit</strong></span> <span class='ocrx_word' id='word_1_105' title='bbox 898 1675 1193 1732; x_wconf 79' lang='lat' dir='ltr'><strong>unicuivis</strong></span> <span class='ocrx_word' id='word_1_106' title='bbox 1246 1673 1581 1733; x_wconf 88' lang='lat' dir='ltr'><strong>secundum</strong></span> <span class='ocrx_word' id='word_1_107' title='bbox 1638 1690 1898 1732; x_wconf 89' lang='lat' dir='ltr'><strong>amorem</strong></span> <span class='ocrx_word' id='word_1_108' title='bbox 1954 1679 2014 1732; x_wconf 90' lang='lat' dir='ltr'><strong>et</strong></span> <span class='ocrx_word' id='word_1_109' title='bbox 2058 1673 2238 1732; x_wconf 87' lang='lat' dir='ltr'><strong>fidem</strong></span> <span class='ocrx_word' id='word_1_110' title='bbox 2276 1670 2392 1754; x_wconf 87' lang='lat' dir='ltr'>(h),</span> <span class='ocrx_word' id='word_1_111' title='bbox 2444 1681 2506 1733; x_wconf 93' lang='lat' dir='ltr'><strong>et</strong></span> <span class='ocrx_word' id='word_1_112' title='bbox 2541 1674 2701 1750; x_wconf 92' lang='lat' dir='ltr'><strong>quod</strong></span> 
     </span>
     <span class='ocr_line' id='line_1_14' title="bbox 577 1773 2697 1856; baseline -0 -23"><span class='ocrx_word' id='word_1_113' title='bbox 577 1776 776 1834; x_wconf 89' lang='lat' dir='ltr'><strong>omnia</strong></span> <span class='ocrx_word' id='word_1_114' title='bbox 812 1780 1147 1850; x_wconf 81' lang='lat' dir='ltr'><strong>appareant</strong></span> <span class='ocrx_word' id='word_1_115' title='bbox 1187 1775 1249 1832; x_wconf 91' lang='lat' dir='ltr'><strong>in</strong></span> <span class='ocrx_word' id='word_1_116' title='bbox 1283 1777 1623 1856; x_wconf 89' lang='lat' dir='ltr'><strong>propinquo</strong></span> <span class='ocrx_word' id='word_1_117' title='bbox 1661 1780 1721 1833; x_wconf 88' lang='lat' dir='ltr'><strong>et</strong></span> <span class='ocrx_word' id='word_1_118' title='bbox 1776 1792 1807 1832; x_wconf 88' lang='lat' dir='ltr'><strong>e</strong></span> <span class='ocrx_word' id='word_1_119' title='bbox 1856 1773 2182 1850; x_wconf 89' lang='lat' dir='ltr'><strong>longinquo</strong></span> <span class='ocrx_word' id='word_1_120' title='bbox 2218 1775 2551 1834; x_wconf 88' lang='lat' dir='ltr'><strong>secundum</strong></span> <span class='ocrx_word' id='word_1_121' title='bbox 2589 1774 2697 1850; x_wconf 87' lang='lat' dir='ltr'><strong>Ip-</strong></span> 
     </span>
     <span class='ocr_line' id='line_1_15' title="bbox 578 1875 2700 1952; baseline -0 -18"><span class='ocrx_word' id='word_1_122' title='bbox 578 1876 707 1934; x_wconf 88' lang='lat' dir='ltr'><strong>sius</strong></span> <span class='ocrx_word' id='word_1_123' title='bbox 760 1877 1196 1951; x_wconf 82' lang='lat' dir='ltr'><strong>praesentiam,</strong></span> <span class='ocrx_word' id='word_1_124' title='bbox 1247 1893 1385 1933; x_wconf 87' lang='lat' dir='ltr'><strong>nam</strong></span> <span class='ocrx_word' id='word_1_125' title='bbox 1420 1875 1561 1934; x_wconf 88' lang='lat' dir='ltr'><strong>inde</strong></span> <span class='ocrx_word' id='word_1_126' title='bbox 1601 1875 2000 1934; x_wconf 88' lang='lat' dir='ltr'><strong>determinata</strong></span> <span class='ocrx_word' id='word_1_127' title='bbox 2035 1881 2175 1933; x_wconf 89' lang='lat' dir='ltr'><strong>sunt</strong></span> <span class='ocrx_word' id='word_1_128' title='bbox 2211 1877 2410 1933; x_wconf 90' lang='lat' dir='ltr'><strong>omnia</strong></span> <span class='ocrx_word' id='word_1_129' title='bbox 2447 1893 2600 1952; x_wconf 91' lang='lat' dir='ltr'><strong>quae</strong></span> <span class='ocrx_word' id='word_1_130' title='bbox 2636 1878 2700 1933; x_wconf 86' lang='lat' dir='ltr'><strong>in</strong></span> 
     </span>
     <span class='ocr_line' id='line_1_16' title="bbox 584 1974 2698 2052; baseline 0 -18"><span class='ocrx_word' id='word_1_131' title='bbox 584 1974 817 2035; x_wconf 86' lang='lat' dir='ltr'><strong>Coelis:</strong></span> <span class='ocrx_word' id='word_1_132' title='bbox 870 1993 983 2052; x_wconf 91' lang='lat' dir='ltr'><strong>per</strong></span> <span class='ocrx_word' id='word_1_133' title='bbox 1015 1975 1077 2032; x_wconf 94' lang='lat' dir='ltr'><strong>id</strong></span> <span class='ocrx_word' id='word_1_134' title='bbox 1114 1978 1293 2034; x_wconf 90' lang='lat' dir='ltr'><strong>etiam</strong></span> <span class='ocrx_word' id='word_1_135' title='bbox 1329 1976 1580 2052; x_wconf 79' lang='lat' dir='ltr'><strong>Angelis</strong></span> <span class='ocrx_word' id='word_1_136' title='bbox 1619 1981 1713 2034; x_wconf 89' lang='lat' dir='ltr'><strong>est</strong></span> <span class='ocrx_word' id='word_1_137' title='bbox 1747 1978 2070 2050; x_wconf 87' lang='lat' dir='ltr'><strong>sapientia,</strong></span> <span class='ocrx_word' id='word_1_138' title='bbox 2128 1993 2264 2034; x_wconf 89' lang='lat' dir='ltr'><strong>nam</strong></span> <span class='ocrx_word' id='word_1_139' title='bbox 2310 1994 2421 2052; x_wconf 91' lang='lat' dir='ltr'><strong>per</strong></span> <span class='ocrx_word' id='word_1_140' title='bbox 2469 1976 2532 2033; x_wconf 92' lang='lat' dir='ltr'><strong>id</strong></span> <span class='ocrx_word' id='word_1_141' title='bbox 2576 1975 2698 2034; x_wconf 85' lang='lat' dir='ltr'><strong>illis</strong></span> 
     </span>
     <span class='ocr_line' id='line_1_17' title="bbox 558 2076 2693 2151; baseline -0 -16"><span class='ocrx_word' id='word_1_142' title='bbox 558 2084 675 2136; x_wconf 35' lang='lat' dir='ltr'><strong>*est</strong></span> <span class='ocrx_word' id='word_1_143' title='bbox 711 2078 981 2135; x_wconf 77' lang='lat' dir='ltr'><strong>extensio</strong></span> <span class='ocrx_word' id='word_1_144' title='bbox 1016 2078 1458 2151; x_wconf 83' lang='lat' dir='ltr'><strong>cogitationum,</strong></span> <span class='ocrx_word' id='word_1_145' title='bbox 1499 2083 1560 2135; x_wconf 90' lang='lat' dir='ltr'><strong>et</strong></span> <span class='ocrx_word' id='word_1_146' title='bbox 1584 2093 1696 2151; x_wconf 93' lang='lat' dir='ltr'><strong>per</strong></span> <span class='ocrx_word' id='word_1_147' title='bbox 1728 2076 1790 2132; x_wconf 93' lang='lat' dir='ltr'><strong>id</strong></span> <span class='ocrx_word' id='word_1_148' title='bbox 1826 2082 1919 2135; x_wconf 88' lang='lat' dir='ltr'><strong>est</strong></span> <span class='ocrx_word' id='word_1_149' title='bbox 1953 2079 2406 2135; x_wconf 84' lang='lat' dir='ltr'><strong>communicatio</strong></span> <span class='ocrx_word' id='word_1_150' title='bbox 2434 2077 2693 2134; x_wconf 88' lang='lat' dir='ltr'><strong>omnium</strong></span> 
     </span>
     <span class='ocr_line' id='line_1_18' title="bbox 580 2174 2701 2254; baseline 0 -20"><span class='ocrx_word' id='word_1_151' title='bbox 580 2194 734 2251; x_wconf 87' lang='lat' dir='ltr'><strong>quae</strong></span> <span class='ocrx_word' id='word_1_152' title='bbox 795 2179 856 2234; x_wconf 91' lang='lat' dir='ltr'><strong>in</strong></span> <span class='ocrx_word' id='word_1_153' title='bbox 913 2174 1138 2250; x_wconf 82' lang='lat' dir='ltr'><strong>Coelis3</strong></span> <span class='ocrx_word' id='word_1_154' title='bbox 1200 2176 1385 2234; x_wconf 79' lang='lat' dir='ltr'><strong>verbo</strong></span> <span class='ocrx_word' id='word_1_155' title='bbox 1399 2220 1416 2249; x_wconf 87' lang='lat'><em>‚</em></span> <span class='ocrx_word' id='word_1_156' title='bbox 1482 2194 1595 2252; x_wconf 92' lang='lat' dir='ltr'><strong>per</strong></span> <span class='ocrx_word' id='word_1_157' title='bbox 1638 2176 1700 2235; x_wconf 91' lang='lat' dir='ltr'><strong>id</strong></span> <span class='ocrx_word' id='word_1_158' title='bbox 1747 2175 1864 2234; x_wconf 91' lang='lat' dir='ltr'><strong>illis</strong></span> <span class='ocrx_word' id='word_1_159' title='bbox 1913 2182 2039 2246; x_wconf 89' lang='lat' dir='ltr'><strong>est,</strong></span> <span class='ocrx_word' id='word_1_160' title='bbox 2096 2178 2255 2252; x_wconf 93' lang='lat' dir='ltr'><strong>quod</strong></span> <span class='ocrx_word' id='word_1_161' title='bbox 2309 2175 2701 2254; x_wconf 86' lang='lat' dir='ltr'><strong>spiritualiter</strong></span> 
     </span>
     <span class='ocr_line' id='line_1_19' title="bbox 577 2275 2042 2352; baseline 0.001 -18"><span class='ocrx_word' id='word_1_162' title='bbox 577 2279 871 2352; x_wconf 86' lang='lat' dir='ltr'><strong>cogitent,</strong></span> <span class='ocrx_word' id='word_1_163' title='bbox 927 2280 985 2335; x_wconf 89' lang='lat' dir='ltr'><strong>et</strong></span> <span class='ocrx_word' id='word_1_164' title='bbox 1020 2292 1138 2333; x_wconf 90' lang='lat' dir='ltr'><strong>non</strong></span> <span class='ocrx_word' id='word_1_165' title='bbox 1172 2275 1528 2335; x_wconf 79' lang='lat' dir='ltr'><strong>naturaliter</strong></span> <span class='ocrx_word' id='word_1_166' title='bbox 1564 2277 1720 2335; x_wconf 85' lang='lat' dir='ltr'><strong>sicut</strong></span> <span class='ocrx_word' id='word_1_167' title='bbox 1752 2275 2042 2335; x_wconf 90' lang='lat' dir='ltr'><strong>homines.</strong></span> 
     </span>
    </p>
   </div>
   <div class='ocr_carea' id='block_1_3' title="bbox 574 2444 2702 2619">
    <p class='ocr_par' dir='ltr' id='par_1_5' title="bbox 574 2444 2702 2619">
     <span class='ocr_line' id='line_1_20' title="bbox 574 2444 2702 2542; baseline 0.002 -28"><span class='ocrx_word' id='word_1_168' title='bbox 574 2446 700 2514; x_wconf 82' lang='lat' dir='ltr'><strong>De</strong></span> <span class='ocrx_word' id='word_1_169' title='bbox 767 2448 1083 2515; x_wconf 86' lang='lat' dir='ltr'><strong>Forma</strong></span> <span class='ocrx_word' id='word_1_170' title='bbox 1150 2444 1397 2516; x_wconf 85' lang='lat' dir='ltr'><strong>Coeli</strong></span> <span class='ocrx_word' id='word_1_171' title='bbox 1468 2444 1955 2522; x_wconf 85' lang='lat' dir='ltr'><strong>secundum</strong></span> <span class='ocrx_word' id='word_1_172' title='bbox 2033 2471 2285 2542; x_wconf 85' lang='lat' dir='ltr'><strong>quam</strong></span> <span class='ocrx_word' id='word_1_173' title='bbox 2362 2445 2702 2518; x_wconf 85' lang='lat' dir='ltr'><strong>Conso-</strong></span> 
     </span>
     <span class='ocr_line' id='line_1_21' title="bbox 744 2545 2515 2619; baseline 0 -2"><span class='ocrx_word' id='word_1_174' title='bbox 744 2546 1216 2619; x_wconf 86' lang='lat' dir='ltr'><strong>ciationes</strong></span> <span class='ocrx_word' id='word_1_175' title='bbox 1270 2566 1360 2618; x_wconf 81' lang='lat' dir='ltr'><strong>et</strong></span> <span class='ocrx_word' id='word_1_176' title='bbox 1415 2545 2319 2618; x_wconf 85' lang='lat' dir='ltr'><strong>Communicationes</strong></span> <span class='ocrx_word' id='word_1_177' title='bbox 2372 2546 2515 2618; x_wconf 88' lang='lat' dir='ltr'><strong>ibi.</strong></span> 
     </span>
    </p>
   </div>
   <div class='ocr_carea' id='block_1_4' title="bbox 571 2705 2697 3584">
    <p class='ocr_par' dir='ltr' id='par_1_6' title="bbox 571 2705 2697 3584">
     <span class='ocr_line' id='line_1_22' title="bbox 733 2705 2695 2781; baseline -0.001 -16"><span class='ocrx_word' id='word_1_178' title='bbox 733 2708 893 2765; x_wconf 86' lang='lat'>200.</span> <span class='ocrx_word' id='word_1_179' title='bbox 968 2706 1179 2781; x_wconf 86' lang='lat' dir='ltr'><strong>Qualis</strong></span> <span class='ocrx_word' id='word_1_180' title='bbox 1220 2706 1413 2764; x_wconf 81' lang='lat' dir='ltr'><strong>forma</strong></span> <span class='ocrx_word' id='word_1_181' title='bbox 1447 2705 1618 2765; x_wconf 89' lang='lat' dir='ltr'><strong>Coeli</strong></span> <span class='ocrx_word' id='word_1_182' title='bbox 1653 2711 1776 2780; x_wconf 84' lang='lat' dir='ltr'><strong>est,</strong></span> <span class='ocrx_word' id='word_1_183' title='bbox 1832 2706 2201 2781; x_wconf 87' lang='lat' dir='ltr'><strong>aliquantum</strong></span> <span class='ocrx_word' id='word_1_184' title='bbox 2241 2711 2517 2763; x_wconf 85' lang='lat' dir='ltr'><strong>constare</strong></span> <span class='ocrx_word' id='word_1_185' title='bbox 2550 2711 2695 2781; x_wconf 88' lang='lat' dir='ltr'><strong>pot-</strong></span> 
     </span>
     <span class='ocr_line' id='line_1_23' title="bbox 580 2806 2695 2882; baseline -0.001 -16"><span class='ocrx_word' id='word_1_186' title='bbox 580 2813 678 2866; x_wconf 86' lang='lat' dir='ltr'><strong>est</strong></span> <span class='ocrx_word' id='word_1_187' title='bbox 726 2823 801 2864; x_wconf 84' lang='lat' dir='ltr'><strong>ex</strong></span> <span class='ocrx_word' id='word_1_188' title='bbox 837 2806 956 2864; x_wconf 92' lang='lat' dir='ltr'><strong>illis</strong></span> <span class='ocrx_word' id='word_1_189' title='bbox 1013 2824 1168 2881; x_wconf 89' lang='lat' dir='ltr'><strong>quae</strong></span> <span class='ocrx_word' id='word_1_190' title='bbox 1208 2808 1270 2863; x_wconf 89' lang='lat' dir='ltr'><strong>in</strong></span> <span class='ocrx_word' id='word_1_191' title='bbox 1324 2806 1828 2882; x_wconf 89' lang='lat' dir='ltr'><strong>praecedentibus</strong></span> <span class='ocrx_word' id='word_1_192' title='bbox 1888 2806 2176 2865; x_wconf 90' lang='lat' dir='ltr'><strong>Articulis</strong></span> <span class='ocrx_word' id='word_1_193' title='bbox 2227 2813 2470 2864; x_wconf 87' lang='lat' dir='ltr'><strong>ostensa</strong></span> <span class='ocrx_word' id='word_1_194' title='bbox 2532 2812 2695 2880; x_wconf 86' lang='lat' dir='ltr'><strong>sunt,</strong></span> 
     </span>
     <span class='ocr_line' id='line_1_24' title="bbox 574 2905 2695 2980; baseline 0 -16"><span class='ocrx_word' id='word_1_195' title='bbox 574 2913 641 2965; x_wconf 91' lang='lat' dir='ltr'><strong>ut</strong></span> <span class='ocrx_word' id='word_1_196' title='bbox 697 2905 857 2980; x_wconf 92' lang='lat' dir='ltr'><strong>quod</strong></span> <span class='ocrx_word' id='word_1_197' title='bbox 908 2905 1154 2963; x_wconf 84' lang='lat' dir='ltr'><strong>Coelum</strong></span> <span class='ocrx_word' id='word_1_198' title='bbox 1212 2907 1290 2962; x_wconf 91' lang='lat' dir='ltr'><strong>sit</strong></span> <span class='ocrx_word' id='word_1_199' title='bbox 1338 2905 1453 2963; x_wconf 85' lang='lat' dir='ltr'><strong>sibi</strong></span> <span class='ocrx_word' id='word_1_200' title='bbox 1499 2907 1692 2964; x_wconf 84' lang='lat' dir='ltr'><strong>simile</strong></span> <span class='ocrx_word' id='word_1_201' title='bbox 1739 2909 1800 2964; x_wconf 92' lang='lat' dir='ltr'><strong>in</strong></span> <span class='ocrx_word' id='word_1_202' title='bbox 1847 2909 2121 2965; x_wconf 86' lang='lat' dir='ltr'><strong>maximis</strong></span> <span class='ocrx_word' id='word_1_203' title='bbox 2166 2914 2224 2965; x_wconf 91' lang='lat' dir='ltr'><strong>et</strong></span> <span class='ocrx_word' id='word_1_204' title='bbox 2276 2908 2566 2979; x_wconf 86' lang='lat' dir='ltr'><strong>minimis,</strong></span> <span class='ocrx_word' id='word_1_205' title='bbox 2620 2925 2695 2964; x_wconf 83' lang='lat' dir='ltr'><strong>n:</strong></span> 
     </span>
     <span class='ocr_line' id='line_1_25' title="bbox 572 3004 2695 3081; baseline 0 -17"><span class='ocrx_word' id='word_1_206' title='bbox 572 3024 646 3064; x_wconf 90' lang='lat' dir='ltr'><strong>n:</strong></span> <span class='ocrx_word' id='word_1_207' title='bbox 710 3008 792 3063; x_wconf 85' lang='lat'><strong>72</strong></span> <span class='ocrx_word' id='word_1_208' title='bbox 812 3026 830 3081; x_wconf 83' lang='lat'>3</span> <span class='ocrx_word' id='word_1_209' title='bbox 885 3005 1022 3062; x_wconf 89' lang='lat' dir='ltr'><strong>inde</strong></span> <span class='ocrx_word' id='word_1_210' title='bbox 1061 3004 1221 3079; x_wconf 90' lang='lat' dir='ltr'><strong>quod</strong></span> <span class='ocrx_word' id='word_1_211' title='bbox 1259 3008 1628 3080; x_wconf 83' lang='lat' dir='ltr'><strong>unaquaevis</strong></span> <span class='ocrx_word' id='word_1_212' title='bbox 1668 3005 1940 3066; x_wconf 86' lang='lat' dir='ltr'><strong>Societas</strong></span> <span class='ocrx_word' id='word_1_213' title='bbox 1982 3010 2061 3065; x_wconf 87' lang='lat' dir='ltr'><strong>sit</strong></span> <span class='ocrx_word' id='word_1_214' title='bbox 2102 3006 2336 3066; x_wconf 92' lang='lat' dir='ltr'><strong>coelum</strong></span> <span class='ocrx_word' id='word_1_215' title='bbox 2370 3009 2431 3065; x_wconf 89' lang='lat' dir='ltr'><strong>in</strong></span> <span class='ocrx_word' id='word_1_216' title='bbox 2465 3008 2695 3065; x_wconf 89' lang='lat' dir='ltr'><strong>minore</strong></span> 
     </span>
     <span class='ocr_line' id='line_1_26' title="bbox 573 3104 2694 3182; baseline 0 -19"><span class='ocrx_word' id='word_1_217' title='bbox 573 3107 795 3179; x_wconf 79' lang='lat' dir='ltr'><strong>forma,</strong></span> <span class='ocrx_word' id='word_1_218' title='bbox 853 3111 914 3163; x_wconf 94' lang='lat' dir='ltr'><strong>et</strong></span> <span class='ocrx_word' id='word_1_219' title='bbox 970 3106 1385 3180; x_wconf 88' lang='lat' dir='ltr'><strong>unusquisque</strong></span> <span class='ocrx_word' id='word_1_220' title='bbox 1442 3104 1712 3182; x_wconf 85' lang='lat' dir='ltr'><strong>Angelus</strong></span> <span class='ocrx_word' id='word_1_221' title='bbox 1764 3110 1827 3165; x_wconf 93' lang='lat' dir='ltr'><strong>in</strong></span> <span class='ocrx_word' id='word_1_222' title='bbox 1881 3110 2152 3181; x_wconf 84' lang='lat' dir='ltr'><strong>minima,</strong></span> <span class='ocrx_word' id='word_1_223' title='bbox 2208 3125 2276 3164; x_wconf 85' lang='lat' dir='ltr'><strong>n:</strong></span> <span class='ocrx_word' id='word_1_224' title='bbox 2339 3108 2417 3166; x_wconf 88' lang='lat'><strong>51</strong></span> <span class='ocrx_word' id='word_1_225' title='bbox 2456 3107 2533 3165; x_wconf 92' lang='lat' dir='ltr'><strong>ad</strong></span> <span class='ocrx_word' id='word_1_226' title='bbox 2567 3108 2694 3165; x_wconf 82' lang='lat'><strong>58:</strong></span> 
     </span>
     <span class='ocr_line' id='line_1_27' title="bbox 575 3205 2697 3282; baseline 0.001 -18"><span class='ocrx_word' id='word_1_227' title='bbox 575 3205 737 3282; x_wconf 90' lang='lat' dir='ltr'><strong>quod</strong></span> <span class='ocrx_word' id='word_1_228' title='bbox 781 3208 939 3264; x_wconf 89' lang='lat' dir='ltr'><strong>sicut</strong></span> <span class='ocrx_word' id='word_1_229' title='bbox 984 3209 1176 3262; x_wconf 89' lang='lat' dir='ltr'><strong>totum</strong></span> <span class='ocrx_word' id='word_1_230' title='bbox 1225 3205 1474 3264; x_wconf 86' lang='lat' dir='ltr'><strong>Coelum</strong></span> <span class='ocrx_word' id='word_1_231' title='bbox 1525 3207 1710 3265; x_wconf 89' lang='lat' dir='ltr'><strong>resert</strong></span> <span class='ocrx_word' id='word_1_232' title='bbox 1756 3226 1942 3265; x_wconf 90' lang='lat' dir='ltr'><strong>unum</strong></span> <span class='ocrx_word' id='word_1_233' title='bbox 1991 3208 2318 3282; x_wconf 89' lang='lat' dir='ltr'><strong>hominem,</strong></span> <span class='ocrx_word' id='word_1_234' title='bbox 2369 3209 2455 3266; x_wconf 89' lang='lat' dir='ltr'><strong>ita</strong></span> <span class='ocrx_word' id='word_1_235' title='bbox 2504 3209 2697 3266; x_wconf 90' lang='lat' dir='ltr'><strong>omnis</strong></span> 
     </span>
     <span class='ocr_line' id='line_1_28' title="bbox 571 3304 2693 3381; baseline 0 -16"><span class='ocrx_word' id='word_1_236' title='bbox 571 3309 831 3365; x_wconf 85' lang='lat' dir='ltr'><strong>societas</strong></span> <span class='ocrx_word' id='word_1_237' title='bbox 887 3304 1042 3364; x_wconf 92' lang='lat' dir='ltr'><strong>coeli</strong></span> <span class='ocrx_word' id='word_1_238' title='bbox 1098 3306 1328 3365; x_wconf 81' lang='lat' dir='ltr'><strong>referat</strong></span> <span class='ocrx_word' id='word_1_239' title='bbox 1373 3305 1674 3365; x_wconf 85' lang='lat' dir='ltr'><strong>hominem</strong></span> <span class='ocrx_word' id='word_1_240' title='bbox 1729 3309 1789 3365; x_wconf 91' lang='lat' dir='ltr'><strong>in</strong></span> <span class='ocrx_word' id='word_1_241' title='bbox 1839 3310 2067 3367; x_wconf 88' lang='lat' dir='ltr'><strong>minore</strong></span> <span class='ocrx_word' id='word_1_242' title='bbox 2115 3310 2334 3381; x_wconf 81' lang='lat' dir='ltr'><strong>forma,</strong></span> <span class='ocrx_word' id='word_1_243' title='bbox 2394 3314 2455 3366; x_wconf 92' lang='lat' dir='ltr'><strong>et</strong></span> <span class='ocrx_word' id='word_1_244' title='bbox 2499 3322 2693 3366; x_wconf 87' lang='lat' dir='ltr'><strong>unus-</strong></span> 
     </span>
     <span class='ocr_line' id='line_1_29' title="bbox 576 3405 2695 3484; baseline 0 -19"><span class='ocrx_word' id='word_1_245' title='bbox 576 3410 833 3484; x_wconf 89' lang='lat' dir='ltr'><strong>quisque</strong></span> <span class='ocrx_word' id='word_1_246' title='bbox 888 3405 1159 3483; x_wconf 86' lang='lat' dir='ltr'><strong>Angelus</strong></span> <span class='ocrx_word' id='word_1_247' title='bbox 1206 3408 1269 3464; x_wconf 93' lang='lat' dir='ltr'><strong>in</strong></span> <span class='ocrx_word' id='word_1_248' title='bbox 1312 3409 1584 3479; x_wconf 91' lang='lat' dir='ltr'><strong>minima,</strong></span> <span class='ocrx_word' id='word_1_249' title='bbox 1635 3426 1702 3465; x_wconf 83' lang='lat' dir='ltr'><strong>n:</strong></span> <span class='ocrx_word' id='word_1_250' title='bbox 1751 3409 1836 3466; x_wconf 87' lang='lat'><strong>59</strong></span> <span class='ocrx_word' id='word_1_251' title='bbox 1877 3409 1955 3467; x_wconf 92' lang='lat' dir='ltr'><strong>ad</strong></span> <span class='ocrx_word' id='word_1_252' title='bbox 1989 3414 2110 3467; x_wconf 84' lang='lat'><strong>77:</strong></span> <span class='ocrx_word' id='word_1_253' title='bbox 2167 3408 2327 3484; x_wconf 91' lang='lat' dir='ltr'><strong>quod</strong></span> <span class='ocrx_word' id='word_1_254' title='bbox 2375 3410 2438 3466; x_wconf 91' lang='lat' dir='ltr'><strong>in</strong></span> <span class='ocrx_word' id='word_1_255' title='bbox 2496 3407 2695 3466; x_wconf 91' lang='lat' dir='ltr'><strong>medio</strong></span> 
     </span>
     <span class='ocr_line' id='line_1_30' title="bbox 576 3507 2691 3584; baseline -0 -18"><span class='ocrx_word' id='word_1_256' title='bbox 576 3510 696 3567; x_wconf 88' lang='lat' dir='ltr'><strong>sint</strong></span> <span class='ocrx_word' id='word_1_257' title='bbox 736 3510 837 3584; x_wconf 90' lang='lat' dir='ltr'><strong>qui</strong></span> <span class='ocrx_word' id='word_1_258' title='bbox 877 3507 1336 3584; x_wconf 88' lang='lat' dir='ltr'><strong>sapientissimi,</strong></span> <span class='ocrx_word' id='word_1_259' title='bbox 1376 3513 1436 3566; x_wconf 88' lang='lat' dir='ltr'><strong>et</strong></span> <span class='ocrx_word' id='word_1_260' title='bbox 1471 3508 1631 3583; x_wconf 90' lang='lat' dir='ltr'><strong>quod</strong></span> <span class='ocrx_word' id='word_1_261' title='bbox 1668 3510 1894 3566; x_wconf 92' lang='lat' dir='ltr'><strong>circum</strong></span> <span class='ocrx_word' id='word_1_262' title='bbox 1940 3511 2100 3567; x_wconf 89' lang='lat' dir='ltr'><strong>circa</strong></span> <span class='ocrx_word' id='word_1_263' title='bbox 2133 3524 2327 3584; x_wconf 89' lang='lat' dir='ltr'><strong>usque</strong></span> <span class='ocrx_word' id='word_1_264' title='bbox 2365 3508 2443 3566; x_wconf 90' lang='lat' dir='ltr'><strong>ad</strong></span> <span class='ocrx_word' id='word_1_265' title='bbox 2481 3509 2691 3567; x_wconf 88' lang='lat' dir='ltr'><strong>termi-</strong></span> 
     </span>
    </p>
   </div>
   <div class='ocr_carea' id='block_1_5' title="bbox 564 3657 980 3673">
    <p class='ocr_par' dir='ltr' id='par_1_7' title="bbox 564 3657 980 3673">
     <span class='ocr_line' id='line_1_31' title="bbox 564 3657 980 3673; baseline 0 1441"><span class='ocrx_word' id='word_1_266' title='bbox 564 3657 980 3673; x_wconf 95' lang='lat' dir='ltr'><strong> </strong></span> 
     </span>
    </p>
   </div>
   <div class='ocr_carea' id='block_1_6' title="bbox 578 3748 2698 3975">
    <p class='ocr_par' dir='ltr' id='par_1_8' title="bbox 578 3748 2698 3975">
     <span class='ocr_line' id='line_1_32' title="bbox 734 3748 2694 3823; baseline 0 -21"><span class='ocrx_word' id='word_1_267' title='bbox 734 3751 822 3823; x_wconf 83' lang='lat' dir='ltr'><strong>(g)</strong></span> <span class='ocrx_word' id='word_1_268' title='bbox 867 3748 1033 3815; x_wconf 85' lang='lat' dir='ltr'><strong>Quod</strong></span> <span class='ocrx_word' id='word_1_269' title='bbox 1074 3750 1133 3801; x_wconf 90' lang='lat' dir='ltr'><strong>in</strong></span> <span class='ocrx_word' id='word_1_270' title='bbox 1174 3750 1377 3803; x_wconf 79' lang='lat' dir='ltr'><strong>Verbo</strong></span> <span class='ocrx_word' id='word_1_271' title='bbox 1418 3750 1751 3822; x_wconf 83' lang='lat' dir='ltr'><strong>Longitudo</strong></span> <span class='ocrx_word' id='word_1_272' title='bbox 1797 3750 2083 3822; x_wconf 80' lang='lat' dir='ltr'><strong>significet</strong></span> <span class='ocrx_word' id='word_1_273' title='bbox 2122 3750 2363 3814; x_wconf 86' lang='lat' dir='ltr'><strong>bonum,</strong></span> <span class='ocrx_word' id='word_1_274' title='bbox 2408 3768 2478 3802; x_wconf 76' lang='lat' dir='ltr'><strong>n:</strong></span> <span class='ocrx_word' id='word_1_275' title='bbox 2521 3758 2694 3811; x_wconf 82' lang='grc'><strong>1613.</strong></span> 
     </span>
     <span class='ocr_line' id='line_1_33' title="bbox 579 3824 2696 3890; baseline -0.002 -3"><span class='ocrx_word' id='word_1_276' title='bbox 579 3834 747 3887; x_wconf 75' lang='grc'><strong>9487.</strong></span> <span class='ocrx_word' id='word_1_277' title='bbox 812 3824 979 3890; x_wconf 83' lang='lat' dir='ltr'><strong>Quod</strong></span> <span class='ocrx_word' id='word_1_278' title='bbox 1012 3826 1284 3879; x_wconf 78' lang='lat' dir='ltr'><strong>Latitudo</strong></span> <span class='ocrx_word' id='word_1_279' title='bbox 1310 3844 1536 3889; x_wconf 78' lang='lat' dir='ltr'><strong>verum,</strong></span> <span class='ocrx_word' id='word_1_280' title='bbox 1580 3844 1648 3878; x_wconf 76' lang='lat' dir='ltr'><strong>n:</strong></span> <span class='ocrx_word' id='word_1_281' title='bbox 1695 3835 1861 3887; x_wconf 84' lang='lat'>1613-</span> <span class='ocrx_word' id='word_1_282' title='bbox 1901 3835 2066 3888; x_wconf 85' lang='grc'><strong>3433.</strong></span> <span class='ocrx_word' id='word_1_283' title='bbox 2106 3834 2272 3888; x_wconf 88' lang='grc'><strong>3434.</strong></span> <span class='ocrx_word' id='word_1_284' title='bbox 2315 3833 2483 3887; x_wconf 73' lang='grc'><strong>4482.</strong></span> <span class='ocrx_word' id='word_1_285' title='bbox 2523 3834 2696 3887; x_wconf 73' lang='grc'><strong>9487.</strong></span> 
     </span>
     <span class='ocr_line' id='line_1_34' title="bbox 578 3900 2698 3975; baseline -0.004 -12"><span class='ocrx_word' id='word_1_286' title='bbox 578 3909 789 3963; x_wconf 92' lang='grc'><strong>10179.</strong></span> <span class='ocrx_word' id='word_1_287' title='bbox 872 3901 1044 3974; x_wconf 86' lang='lat' dir='ltr'><strong>Quod</strong></span> <span class='ocrx_word' id='word_1_288' title='bbox 1084 3900 1346 3954; x_wconf 87' lang='lat' dir='ltr'><strong>Altitudo</strong></span> <span class='ocrx_word' id='word_1_289' title='bbox 1395 3901 1680 3972; x_wconf 82' lang='lat' dir='ltr'><strong>significet</strong></span> <span class='ocrx_word' id='word_1_290' title='bbox 1722 3903 1940 3966; x_wconf 54' lang='lat' dir='ltr'><strong>barium</strong></span> <span class='ocrx_word' id='word_1_291' title='bbox 1988 3913 2046 3956; x_wconf 89' lang='lat' dir='ltr'><strong>et</strong></span> <span class='ocrx_word' id='word_1_292' title='bbox 2090 3921 2291 3956; x_wconf 85' lang='lat' dir='ltr'><strong>verum</strong></span> <span class='ocrx_word' id='word_1_293' title='bbox 2336 3902 2529 3975; x_wconf 83' lang='lat' dir='ltr'><strong>quoad</strong></span> <span class='ocrx_word' id='word_1_294' title='bbox 2568 3919 2698 3975; x_wconf 81' lang='lat' dir='ltr'><strong>gra-</strong></span> 
     </span>
    </p>
   </div>
   <div class='ocr_carea' id='block_1_7' title="bbox 574 3977 1477 4042">
    <p class='ocr_par' dir='ltr' id='par_1_9' title="bbox 574 3977 1477 4042">
     <span class='ocr_line' id='line_1_35' title="bbox 574 3977 1477 4042; baseline 0.002 -8"><span class='ocrx_word' id='word_1_295' title='bbox 574 3977 700 4042; x_wconf 81' lang='lat' dir='ltr'><strong>dus,</strong></span> <span class='ocrx_word' id='word_1_296' title='bbox 744 3994 810 4029; x_wconf 81' lang='lat'><strong>¹1²</strong></span> <span class='ocrx_word' id='word_1_297' title='bbox 856 3983 1023 4036; x_wconf 87' lang='grc'><strong>9489·</strong></span> <span class='ocrx_word' id='word_1_298' title='bbox 1057 3983 1226 4035; x_wconf 92' lang='grc'><strong>9773.</strong></span> <span class='ocrx_word' id='word_1_299' title='bbox 1269 3984 1477 4036; x_wconf 90' lang='grc'><strong>10181.</strong></span> 
     </span>
    </p>
   </div>
   <div class='ocr_carea' id='block_1_8' title="bbox 574 4067 2698 4218">
    <p class='ocr_par' dir='ltr' id='par_1_10' title="bbox 574 4067 2698 4218">
     <span class='ocr_line' id='line_1_36' title="bbox 730 4067 2698 4143; baseline 0.001 -22"><span class='ocrx_word' id='word_1_300' title='bbox 730 4069 819 4135; x_wconf 90' lang='lat' dir='ltr'><strong>(h)</strong></span> <span class='ocrx_word' id='word_1_301' title='bbox 865 4067 1030 4133; x_wconf 84' lang='lat' dir='ltr'><strong>Quod</strong></span> <span class='ocrx_word' id='word_1_302' title='bbox 1072 4070 1407 4137; x_wconf 85' lang='lat' dir='ltr'><strong>conjunctio</strong></span> <span class='ocrx_word' id='word_1_303' title='bbox 1437 4081 1493 4123; x_wconf 92' lang='lat' dir='ltr'><strong>et</strong></span> <span class='ocrx_word' id='word_1_304' title='bbox 1530 4071 1857 4141; x_wconf 80' lang='lat' dir='ltr'><strong>praesentia</strong></span> <span class='ocrx_word' id='word_1_305' title='bbox 1891 4071 2128 4125; x_wconf 84' lang='lat' dir='ltr'><strong>Domini</strong></span> <span class='ocrx_word' id='word_1_306' title='bbox 2163 4071 2316 4143; x_wconf 81' lang='lat' dir='ltr'><strong>apud</strong></span> <span class='ocrx_word' id='word_1_307' title='bbox 2350 4072 2605 4143; x_wconf 78' lang='lat' dir='ltr'><strong>Angelos</strong></span> <span class='ocrx_word' id='word_1_308' title='bbox 2634 4087 2698 4123; x_wconf 81' lang='lat' dir='ltr'><strong>se</strong></span> 
     </span>
     <span class='ocr_line' id='line_1_37' title="bbox 574 4144 2696 4218; baseline -0 -20"><span class='ocrx_word' id='word_1_309' title='bbox 574 4145 786 4198; x_wconf 79' lang='lat' dir='ltr'><strong>habeat</strong></span> <span class='ocrx_word' id='word_1_310' title='bbox 833 4144 1145 4199; x_wconf 86' lang='lat' dir='ltr'><strong>secundum</strong></span> <span class='ocrx_word' id='word_1_311' title='bbox 1185 4145 1585 4217; x_wconf 82' lang='lat' dir='ltr'><strong>receptionem</strong></span> <span class='ocrx_word' id='word_1_312' title='bbox 1626 4148 1843 4201; x_wconf 84' lang='lat' dir='ltr'><strong>amoris</strong></span> <span class='ocrx_word' id='word_1_313' title='bbox 1881 4158 1938 4200; x_wconf 88' lang='lat' dir='ltr'><strong>et</strong></span> <span class='ocrx_word' id='word_1_314' title='bbox 1980 4148 2275 4202; x_wconf 79' lang='lat' dir='ltr'><strong>charitatis</strong></span> <span class='ocrx_word' id='word_1_315' title='bbox 2306 4147 2379 4201; x_wconf 84' lang='lat' dir='ltr'><strong>ab</strong></span> <span class='ocrx_word' id='word_1_316' title='bbox 2421 4148 2578 4218; x_wconf 87' lang='lat' dir='ltr'><strong>Ipso,</strong></span> <span class='ocrx_word' id='word_1_317' title='bbox 2624 4163 2696 4197; x_wconf 79' lang='lat' dir='ltr'><strong>n:</strong></span> 
     </span>
    </p>
   </div>
   <div class='ocr_carea' id='block_1_9' title="bbox 578 4228 2697 4359">
    <p class='ocr_par' dir='ltr' id='par_1_11' title="bbox 578 4228 2697 4359">
     <span class='ocr_line' id='line_1_38' title="bbox 578 4228 2697 4285; baseline 0 -5"><span class='ocrx_word' id='word_1_318' title='bbox 578 4229 708 4281; x_wconf 85' lang='grc'><strong>290·</strong></span> <span class='ocrx_word' id='word_1_319' title='bbox 749 4228 881 4281; x_wconf 89' lang='grc'><strong>681.</strong></span> <span class='ocrx_word' id='word_1_320' title='bbox 909 4228 1073 4281; x_wconf 83' lang='grc'><strong>1954·</strong></span> <span class='ocrx_word' id='word_1_321' title='bbox 1098 4228 1268 4282; x_wconf 85' lang='grc'><strong>2658.</strong></span> <span class='ocrx_word' id='word_1_322' title='bbox 1296 4229 1464 4283; x_wconf 83' lang='grc'><strong>2886·</strong></span> <span class='ocrx_word' id='word_1_323' title='bbox 1501 4230 1670 4283; x_wconf 87' lang='grc'><strong>2888·</strong></span> <span class='ocrx_word' id='word_1_324' title='bbox 1702 4231 1871 4284; x_wconf 87' lang='grc'><strong>2889·</strong></span> <span class='ocrx_word' id='word_1_325' title='bbox 1909 4232 2079 4285; x_wconf 89' lang='grc'><strong>3001.</strong></span> <span class='ocrx_word' id='word_1_326' title='bbox 2114 4231 2283 4284; x_wconf 88' lang='grc'><strong>3741.</strong></span> <span class='ocrx_word' id='word_1_327' title='bbox 2320 4230 2490 4283; x_wconf 89' lang='grc'><strong>3742.</strong></span> <span class='ocrx_word' id='word_1_328' title='bbox 2527 4229 2697 4282; x_wconf 88' lang='grc'><strong>3743·</strong></span> 
     </span>
     <span class='ocr_line' id='line_1_39' title="bbox 578 4303 1562 4359; baseline 0 0"><span class='ocrx_word' id='word_1_329' title='bbox 578 4304 747 4359; x_wconf 79' lang='grc'><strong>4318·</strong></span> <span class='ocrx_word' id='word_1_330' title='bbox 776 4304 942 4359; x_wconf 86' lang='grc'><strong>4319·</strong></span> <span class='ocrx_word' id='word_1_331' title='bbox 980 4303 1146 4359; x_wconf 80' lang='grc'><strong>4524·</strong></span> <span class='ocrx_word' id='word_1_332' title='bbox 1192 4305 1358 4358; x_wconf 88' lang='grc'><strong>7211·</strong></span> <span class='ocrx_word' id='word_1_333' title='bbox 1395 4306 1562 4359; x_wconf 83' lang='grc'><strong>9128·</strong></span> 
     </span>
    </p>
   </div>
  </div>
 </body>
</html>
