3013 5114
533 410 630 466 DE
673 410 1007 466 SECUNDO
1054 409 1287 467 STATU
1331 409 1630 467 HOMINIS
1673 411 1855 466 PosT
1888 410 2213 473 MORTEM.
2258 366 2268 375 ³
2334 421 2443 478 313

315 574 501 632 vitam
540 576 684 648 post
719 577 1003 641 mortem,
1057 577 1116 631 et
1161 575 1249 632 sic
1298 574 1361 631 in
1400 571 1619 632 similia
1662 572 1852 649 mala3
1919 590 2056 633 nam
2096 575 2231 635 talis
2267 576 2445 637 homo

321 679 418 733 est
461 671 659 748 qualis
695 673 756 731 in
784 674 908 731 vita
944 675 1215 749 emporis
1240 674 1338 733 sui
1369 673 1589 748 fuerat,
1627 691 1697 733 n:
1740 677 1882 734 470
1913 675 1989 734 ad
2020 679 2183 735 484.
2267 676 2443 752 Quod

318 775 673 851 puniantur,
733 779 827 832 est
878 775 1016 850 quia
1054 775 1229 856 timor
1261 791 1370 850 pro
1406 791 1606 850 paena
1643 781 1734 835 est
1768 777 2005 835 unicum
2040 777 2297 835 medium
2330 776 2440 837 do-

316 873 523 933 mandi
557 872 719 932 mala
752 876 814 932 in
847 873 962 933 hoc
997 880 1192 950 statu3
1231 872 1377 934 nihil
1411 873 1575 934 valet
1602 875 1861 953 amplius
1901 877 2253 953 exhortatio,
2291 878 2439 937 nihil

311 975 685 1045 informatio,
741 991 852 1034 nec
895 977 1071 1034 timor
1104 959 1256 1052 legis
1294 980 1355 1034 et
1388 975 1615 1049 famae,
1673 977 1951 1053 quoniam
1991 981 2116 1054 agit
2151 995 2224 1037 ex
2263 985 2440 1038 natu-

313 1093 411 1150 ra,
466 1092 620 1152 quae
667 1092 784 1134 non
835 1077 1100 1134 coerceri
1147 1093 1259 1135 nec
1309 1076 1502 1153 frangi
1547 1082 1749 1153 potest
1797 1095 1977 1152 quam
2009 1097 2142 1155 ‘per
2183 1096 2433 1156 paenas.

312 1176 396 1235 At
430 1175 570 1234 boni
609 1177 859 1252 spiritus
895 1193 1187 1252 nusquam
1233 1178 1590 1254 puniuntur,
1646 1181 1884 1237 tametsi
1930 1178 2090 1239 mala
2123 1182 2181 1238 in
2220 1180 2438 1240 mundo

319 1282 598 1353 egerant,
634 1294 772 1335 nam
809 1275 969 1335 mala
1004 1293 1210 1336 eorum
1246 1294 1364 1337 non
1399 1277 1687 1352 redeunt,
1727 1286 1788 1338 et
1828 1297 2066 1356 quoque
2104 1280 2278 1339 datur
2312 1283 2434 1340 sci-

309 1393 413 1451 re,
471 1376 631 1452 quod
667 1376 826 1436 mala
861 1376 1095 1436 illorum
1132 1377 1286 1437 alius
1318 1380 1559 1455 generis
1597 1386 1701 1438 aut
1735 1386 1986 1440 naturae
2022 1381 2263 1455 fuerint,
2319 1398 2437 1440 non

313 1478 470 1537 enim
513 1494 587 1535 ex
624 1479 933 1555 proposito
986 1484 1194 1537 contra
1224 1496 1460 1552 verum,
1528 1485 1589 1538 et
1622 1497 1739 1539 non
1777 1497 1852 1540 ex
1893 1479 2072 1540 corde
2121 1480 2277 1540 malo
2319 1481 2437 1542 alio

313 1594 493 1655 quam
530 1578 690 1654 quod
724 1578 919 1637 fuerat
954 1578 1074 1638 illis
1113 1596 1188 1638 ex
1215 1579 1618 1639 haereditario
1659 1598 1696 1638 a
1730 1581 2111 1656 parentibus,
2167 1584 2229 1640 in
2258 1582 2439 1658 quod,

311 1695 454 1739 cum
499 1681 561 1737 in
610 1681 871 1738 externis
921 1681 1221 1756 separatis
1257 1681 1333 1740 ab
1375 1682 1624 1739 internis
1674 1682 1947 1754 fuerunt,
2002 1699 2076 1741 ex
2114 1699 2295 1742 caeco
2327 1683 2433 1759 ju-

311 1777 508 1838 cundo
544 1780 760 1856 perlati
804 1785 959 1839 sunt.

470 1882 629 1943 510.
707 1878 1114 1956 Quisquead
1158 1879 1523 1942 Societatem
1579 1899 1751 1940 suam
1800 1884 1991 1957 venit,
2048 1883 2110 1940 in
2160 1899 2279 1957 qua
2326 1881 2438 1942 fuit

310 1980 445 2058 ejus
481 1982 728 2056 spiritus
765 1982 829 2038 in
863 1981 1115 2056 mundo,
1171 1984 1585 2058 unusquisque
1636 1984 1790 2040 enim
1843 1982 2023 2040 homo
2071 1980 2271 2057 quoad
2306 1984 2435 2059 spi-

304 2083 488 2140 ritum
541 2098 715 2140 suum
768 2081 1122 2158 conjunctus
1183 2088 1277 2141 est
1315 2082 1497 2142 alicui
1550 2085 1825 2141 societati
1865 2083 1964 2142 vel
2010 2082 2283 2141 infernali
2334 2081 2434 2142 vel

307 2182 588 2257 coelesti,
645 2183 839 2241 malus
881 2185 1158 2242 societati
1205 2183 1509 2258 infernali,
1565 2184 1757 2242 bonus
1813 2184 2088 2242 societati
2144 2181 2430 2260 coelesti3

306 2282 467 2361 quod
504 2284 759 2360 quisque
799 2282 874 2340 ad
910 2301 1080 2343 suam
1117 2286 1469 2345 societatem
1503 2285 1716 2344 redeat
1749 2291 1888 2362 post
1924 2290 2176 2344 mortem
2217 2282 2429 2344 videa-

301 2389 435 2459 tur,
492 2402 561 2442 n:
622 2386 800 2460 4385
869 2385 943 2444 ad
993 2384 1156 2444 illam
1208 2385 1560 2463 perducit-ur
1615 2387 1861 2463 spiritus
1917 2387 2299 2457 successive,
2372 2391 2435 2443 et

305 2482 566 2544 tandem·
601 2487 783 2544 intrat
835 2485 1032 2564 illam;
1107 2466 1622 2563 malus⁶spiritus,
1676 2502 1812 2544 cum
1860 2488 1920 2544 in
1966 2490 2130 2543 statu
2178 2485 2427 2542 interio-

299 2604 436 2645 rum
479 2602 724 2646 suorum
754 2591 876 2660 est,
935 2588 1186 2651 vertitur
1220 2603 1332 2663 per
1367 2585 1591 2663 gradus
1621 2585 1696 2643 ad
1723 2602 1894 2645 suam
1930 2586 2315 2657 societatem,
2369 2590 2432 2644 et

301 2688 540 2747 tandem
579 2687 804 2747 directe
843 2687 919 2745 ad
954 2688 1152 2757 illam,
1207 2693 1528 2763 antequam
1563 2686 1765 2745 finitus
1817 2692 1909 2746 est
1941 2684 2041 2745 hic
2079 2665 2306 2761 status;
2372 2690 2434 2743 et

301 2805 439 2848 cum
482 2795 677 2847 status
715 2788 915 2847 finitus
955 2794 1078 2861 est,
1130 2793 1270 2846 tunc
1307 2790 1438 2864 ipse
1475 2788 1722 2863 spiritus
1758 2786 1953 2845 malus
1990 2802 2057 2845 se
2095 2784 2334 2861 conjicit
2367 2786 2429 2843 in

295 2890 624 2962 Infernum,
693 2887 797 2947 ubi
844 2891 940 2947 sui
997 2889 1224 2948 similes
1281 2894 1449 2964 sunt3
1522 2890 1660 2963 ipsa
1714 2887 2006 2963 conjectio
2050 2891 2307 2963 apparet
2351 2885 2429 2945 ad

295 2991 495 3049 visum
548 2992 706 3049 sicut
754 2992 858 3066 qui
909 2992 1224 3065 supinatus
1269 2988 1427 3048 cadit
1468 2989 1669 3065 capite
1723 2988 2002 3046 deorsum
2059 2993 2119 3045 et
2165 2984 2423 3062 pedibus

295 3107 567 3165 sursum3
623 3107 812 3150 causa
848 3089 1007 3167 quod
1043 3092 1128 3148 ita
1170 3095 1496 3166 appareat,
1538 3095 1630 3147 est
1660 3091 1803 3172 quia
1835 3091 1897 3146 in
1935 3091 2175 3147 inverso
2213 3087 2424 3146 ordine
2457 3115 2469 3126 ·

294 3198 424 3266 est,
462 3195 773 3250 amaverat
809 3193 964 3251 enim
999 3190 1317 3249 infernalia
1350 3207 1423 3249 ac
1468 3189 1765 3266 rejecerat
1802 3190 2119 3249 coelestia:
2179 3187 2423 3263 quidam

293 3292 438 3350 mali
477 3294 538 3350 in
574 3291 840 3352 secundo
884 3291 997 3351 hoc
1034 3298 1197 3351 statu
1232 3309 1344 3368 per
1381 3293 1546 3352 vices
1593 3292 1816 3349 intrant
1850 3292 2112 3363 inferna,
2170 3293 2230 3347 et
2269 3306 2420 3362 quo-

294 3409 414 3469 que
457 3399 708 3469 exeunt,
767 3393 876 3452 sed
911 3393 972 3451 hi
1009 3410 1127 3451 non
1155 3397 1450 3469 apparent
1485 3397 1624 3449 tunc
1660 3392 1924 3467 supinati
1962 3388 2205 3463 cadere,
2264 3389 2424 3447 sicut

293 3508 430 3549 cum
465 3491 644 3567 plene
681 3495 899 3552 vastati
934 3499 1090 3552 sunt.
1153 3492 1301 3568 Ipsa
1338 3492 1599 3550 societas
1612 3534 1629 3563 ,
1681 3491 1744 3547 in
1781 3507 1898 3565 qua
1932 3486 2422 3564 fuerunt·quoad

291 3591 568 3667 spiritum
603 3607 780 3650 suum
814 3595 874 3649 in
913 3592 1166 3666 mundo,
1224 3591 1560 3650 ostenditur
1587 3607 1827 3665 quoque
1855 3589 1972 3647 illis
2002 3605 2137 3648 cum
2164 3590 2225 3646 in
2254 3593 2419 3647 statu

293 3692 657 3750 exteriorum
698 3708 943 3761 suorum
977 3697 1146 3765 sunt,
1183 3697 1267 3750 ‘ut
1301 3693 1496 3749 sciant
1536 3689 1675 3747 inde
1714 3690 1872 3765 quod
1908 3692 1965 3748 in
2000 3688 2241 3749 Inferno
2281 3688 2420 3748 fue·

290 3793 414 3852 rint
460 3793 638 3851 etiam
667 3793 730 3850 in
763 3793 890 3850 vita
930 3792 1230 3866 eorporis,
1264 3790 1378 3849 sed
1407 3797 1605 3848 tamen
1632 3807 1749 3849 non
1784 3792 1843 3848 in
1873 3789 2053 3849 simili
2088 3795 2252 3849 statu
2288 3806 2421 3848 cum

289 3893 411 3952 illis
453 3895 554 3970 qui
590 3895 651 3952 in
685 3896 821 3970 ipso
858 3892 1130 3966 Infern0,
1186 3891 1295 3950 sed
1341 3893 1402 3974 in
1453 3891 1633 3949 simili
1682 3908 1813 3949 cum
1851 3897 2015 3950 statu
2051 3890 2290 3950 illorum
2320 3893 2423 3968 qui
2517 3877 2520 3878 ⁷

285 3994 354 4053 in
394 3994 616 4053 mundo
644 3996 963 4072 spirituum
997 3999 1166 4070 sunt3
1205 3991 1280 4051 de
1318 4009 1567 4069 quorum
1604 3996 1768 4051 statu
1802 3994 2137 4070 respective
2167 3992 2246 4051 ad
2278 3990 2419 4052 illo-

287 4111 422 4153 rum
463 4097 564 4171 qui
599 4096 661 4154 in
693 4095 934 4155 Inferno
971 4099 1140 4169 sunt,
1179 4096 1240 4153 in
1275 4092 1666 4170 sequentibus
1704 4092 1952 4153 dicetur.

456 4194 613 4254 511
685 4194 1001 4273 Separatio
1041 4181 1333 4256 malorum
1369 4196 1689 4273 spirituum
1726 4213 1764 4252 a
1804 4195 1977 4253 bonis
2013 4191 2321 4269 spiritibus
2357 4188 2422 4247 fit

286 4298 350 4357 in
385 4296 650 4358 secundo
677 4297 788 4359 hoc
818 4303 1010 4373 statu,
1050 4313 1186 4357 nam
1214 4298 1274 4358 in
1299 4298 1492 4377 primo
1524 4301 1688 4356 statu
1715 4295 1891 4356 simul
1930 4299 2099 4361 sunt,
2138 4289 2416 4366 quoniam
2523 4293 2530 4301 “
