3013 5114
553 420 754 476 HOMO
793 422 981 477 POST
1020 420 1328 478 MORTEM
1366 424 1499 479 EST
1539 425 1612 480 IN
1654 425 1900 481 FORMA
1940 425 2267 483 HUMANA.
2349 438 2456 492 267

341 597 543 644 amare
582 588 645 642 et
686 584 842 643 velle
891 582 1049 643 idem
1094 590 1221 659 est,
1287 603 1422 643 nam
1460 585 1621 663 quod
1670 586 1847 647 homo
1891 586 2048 663 vult,
2114 586 2229 649 hoc
2279 597 2456 668 amat,

338 692 402 744 et
436 683 599 761 quod
644 691 807 743 amat
849 684 963 743 hoc
1003 684 1154 743 vult.
1249 684 1546 761 Quoniam
1582 688 1720 747 talis
1757 695 1950 748 status
1990 694 2081 749 est
2132 688 2459 764 hominum,

339 793 405 845 ut
449 787 684 863 possint
736 784 1072 861 intelligere
1116 804 1264 846 vera
1298 787 1474 846 modo
1509 788 1729 865 velint,
1784 806 2139 850 concessum
2188 796 2281 849 est
2314 790 2458 851 mihi

339 886 681 965 spiritualia
717 904 893 961 vera,
951 903 1109 963 quae
1145 893 1285 947 sunt
1320 887 1633 950 Ecclesiae
1672 897 1733 950 et
1771 889 1958 966 Coeli,
2001 893 2176 951 etiam
2217 909 2328 968 per
2352 910 2456 951 ra-

337 985 589 1048 tionalia
626 987 971 1047 confirmare
984 1008 1001 1064 3
1055 990 1140 1046 ita
1180 988 1255 1048 ob
1286 1005 1561 1063 causam,
1606 997 1675 1050 ut
1707 991 1890 1061 falsa,
1929 1008 2083 1069 quae
2120 992 2279 1069 apud
2314 992 2456 1069 plu-

340 1104 441 1149 res
478 1087 858 1148 occluserunt
898 1090 1229 1159 rationale,
1290 1107 1401 1166 per
1441 1092 1761 1152 rationalia
1797 1092 2220 1168 discutiantur,
2278 1100 2339 1152 et
2372 1096 2460 1154 sic

339 1189 495 1249 forte
535 1188 906 1265 aliquantum
955 1184 1262 1267 aperiatur
1298 1191 1509 1251 oculus
1522 1212 1540 1269 3
1582 1211 1718 1252 nam
1757 1193 2106 1253 confirmare
2142 1210 2290 1253 vera
2324 1196 2454 1271 spi-

335 1289 577 1349 ritualia
610 1306 722 1366 per
756 1290 1073 1350 rationalia
1125 1291 1398 1351 omnibus
1451 1297 1554 1369 qui
1594 1296 1653 1353 in
1705 1297 1864 1354 veris
1918 1301 2058 1353 sunt
2104 1310 2457 1355 eoncessum

338 1397 458 1466 est3
522 1392 656 1467 quis
693 1408 946 1468 usquam
993 1392 1409 1452 intellecturus
1448 1401 1614 1454 esset
1637 1394 1914 1455 ‘Verbum
1967 1413 2042 1454 ex
2090 1411 2274 1455 sensu
2324 1396 2456 1473 ejus

332 1492 577 1567 literae,
618 1494 735 1551 nisi
771 1491 975 1551 videat
1008 1510 1154 1552 vera
1187 1493 1270 1553 ibi
1306 1511 1380 1554 ex
1414 1496 1693 1555 rationali
1728 1496 2059 1571 illustrato;
2110 1496 2267 1557 unde
2306 1496 2458 1557 alio-

337 1594 477 1670 quin
512 1599 603 1652 tot
637 1592 923 1652 haereses
970 1610 1041 1654 ex
1079 1594 1288 1655 eodem
1324 1595 1531 1655 Verbo
1571 1594 1677 1678 (g).

498 1714 662 1773 456.
730 1711 906 1789 Quod
955 1711 1213 1789 Spiritus
1255 1713 1510 1773 hominis
1558 1720 1698 1792 po‘st
1733 1716 2092 1789 solutionem
2131 1735 2166 1776 a
2203 1733 2455 1793 corpore

335 1816 415 1873 sit
448 1813 653 1885 homo,
713 1820 774 1872 et
811 1816 872 1871 in
916 1814 1096 1873 simili
1130 1815 1345 1888 forma,
1397 1815 1514 1875 hoc
1549 1816 1693 1875 mihi
1726 1834 1837 1894 per
1878 1817 2286 1895 quotidianam
2314 1817 2456 1895 plu-

328 1917 481 1974 rium
520 1931 808 1973 annorum
846 1917 1280 1991 experientiam
1320 1917 1381 1975 in
1430 1924 1652 1976 testato
1703 1924 1828 1987 est,
1886 1934 2025 1976 nam
2064 1918 2201 1976 illos
2238 1918 2456 1977 millies

333 2015 490 2085 vidi,
536 2014 768 2085 audivi,
816 2023 876 2074 et
911 2031 1044 2074 cum
1079 2015 1198 2075 illis
1239 2015 1527 2093 loquutus
1578 2033 1744 2088 sum,
1811 2020 1988 2078 etiam
2027 2017 2102 2076 de
2140 2034 2244 2088 eo,
2297 2017 2459 2094 quod

332 2116 603 2176 homines
643 2119 705 2175 in
747 2116 966 2176 mundo
1008 2112 1126 2176 non
1174 2117 1329 2177 tales
1381 2133 1518 2177 esse
1561 2118 1837 2192 credant,
1902 2126 1964 2178 et
2012 2119 2171 2194 quod
2216 2118 2305 2177 illi
2355 2120 2456 2195 qui

332 2217 613 2291 credunt,
652 2217 728 2276 ab
763 2216 1027 2276 Eruditis
1056 2225 1413 2293 reputentur
1452 2226 1521 2277 ut
1558 2217 1896 2297 simplices:
1948 2221 2198 2296 spiritus
2237 2219 2450 2280 dolue-

332 2325 471 2378 runt
511 2316 719 2392 corde,
778 2321 936 2395 quod
976 2320 1111 2378 talis
1155 2322 1491 2396 ignorantia
1540 2320 1737 2379 adhuc
1787 2328 2020 2398 perstet
2057 2322 2117 2378 in
2162 2320 2338 2395 orbe,
2397 2328 2457 2380 et

328 2422 586 2478 maxime
622 2421 776 2478 intra
809 2420 1180 2496 Ecclesiam3
1218 2421 1327 2480 sed
1363 2420 1520 2480 hanc
1554 2419 1732 2479 fidem
1762 2421 2042 2481 dicebant
2071 2423 2450 2479 emanavisse

333 2521 623 2598 imprimis
660 2521 736 2580 ab
774 2521 1067 2596 Eruditis‚
1132 2524 1235 2599 qui
1277 2539 1348 2579 ex
1397 2520 1666 2581 sensuali
1715 2538 2005 2599 corporeo
2044 2523 2459 2597 cogitaverunt

337 2623 412 2682 de
447 2622 694 2693 Anima,
744 2641 816 2682 ex
861 2640 978 2699 quo
1022 2621 1095 2702 de
1131 2621 1237 2680 illa
1280 2639 1398 2680 non
1435 2620 1613 2680 aliam
1659 2621 1854 2681 ideam
1893 2628 2216 2698 ceperunt,
2279 2637 2457 2695 quam

329 2726 487 2783 sicut
522 2722 595 2782 de
636 2722 1012 2800 cogitatione
1056 2722 1218 2798 sola,
1282 2739 1438 2799 quae
1487 2739 1620 2780 cum
1672 2721 1903 2799 absque
1940 2721 2141 2798 aliquo
2177 2720 2452 2798 subjecto

329 2829 391 2884 in
427 2840 546 2901 quo
583 2833 645 2884 et
681 2842 756 2883 ex
799 2842 917 2900 quo
956 2831 1298 2901 spectatur,
1356 2829 1450 2882 est
1497 2824 1655 2881 sicut
1697 2822 1994 2900 quoddam
2032 2820 2276 2880 volatile
2317 2822 2457 2898 puri

330 2925 629 3000 aetheris,
698 2924 858 3001 quod
905 2927 1193 2985 moriente
1248 2941 1504 3000 corpore
1562 2940 1680 2983 non
1726 2930 1932 3001 potest
1976 2941 2095 2983 non
2141 2921 2453 2999 dissipari3

331 3026 442 3086 sed
490 3028 632 3104 quia
681 3025 957 3086 Ecclesia
1014 3044 1088 3085 ex
1137 3024 1341 3085 Verbo
1389 3024 1643 3084 Animae
1695 3025 2196 3086 immortalitatem
2250 3023 2456 3096 credit,

326 3145 445 3186 non
482 3133 811 3204 potuerunt
846 3126 1022 3186 aliter
1050 3144 1228 3203 quam
1266 3125 1514 3203 aliquod
1546 3125 1760 3201 vitale,
1813 3125 1991 3203 quale
2029 3133 2121 3186 est
2157 3126 2450 3201 cognitio-

332 3230 458 3298 niS,
512 3230 569 3288 ei
605 3227 915 3300 addicere,
977 3227 1087 3286 sed
1136 3244 1328 3302 usque
1376 3243 1497 3285 non
1551 3229 1933 3300 sensitivum,
1986 3225 2163 3301 quale
2208 3226 2451 3296 homini,

328 3331 682 3406 priusquam
716 3331 932 3389 iterum
971 3329 1288 3406 conjuncta
1316 3334 1479 3388 esset
1506 3330 1744 3404 corpori
1754 3349 1770 3402 3
1819 3344 2004 3403 super
2028 3326 2144 3385 hac
2173 3327 2450 3402 opinione

485 3573 573 3643 (g)
616 3573 785 3658 Quod
826 3591 856 3626 a
891 3573 1047 3625 veris
1086 3572 1389 3625 doctrinae
1431 3571 1750 3632 Ecclesiae,
1797 3586 1944 3641 quae
1984 3587 2054 3622 ex
2090 3566 2309 3632 Verb0,
2352 3566 2452 3621 du-

335 3646 582 3700 cendum
625 3658 700 3699 sit
747 3648 1132 3718 principium,
1194 3659 1251 3701 et
1299 3647 1397 3699 illa
1443 3648 1697 3717 primum
1740 3644 2133 3717 agnoscenda,
2197 3654 2254 3697 et
2295 3643 2454 3717 quod

329 3722 465 3777 dein
508 3723 815 3776 consulere
858 3722 1407 3784 liceatscientiflca,
1450 3739 1517 3772 n:
1565 3728 1734 3782 6047.
1797 3723 1880 3774 lta
1924 3719 2082 3794 quod
2124 3720 2296 3775 liceat
2336 3721 2453 3775 illis

328 3799 427 3872 qui
474 3799 530 3852 in
572 3798 924 3852 affirmativo
968 3807 1099 3851 sunt
1138 3798 1210 3851 de
1253 3797 1407 3851 veris
1461 3797 1631 3860 fidei,
1694 3814 1802 3869 per
1847 3797 2161 3850 scientifica
2202 3798 2452 3851 rationa-

325 3877 464 3930 liter
504 3875 850 3929 conflrmare
893 3875 1022 3939 illa,
1065 3891 1182 3927 non
1225 3883 1415 3927 autem
1460 3874 1576 3925 illis
1619 3874 1716 3945 qui
1760 3873 1819 3926 in
1860 3874 2132 3946 negativo
2175 3884 2337 3937 sunt,
2382 3892 2450 3926 n:

328 3960 499 4015 2568.
554 3960 726 4013 2588.
783 3960 954 4014 4760.
1012 3958 1180 4012 6047.
1223 3949 1436 4028 κ(ῥυσαὶ
1488 3949 1804 4004 secundum
1855 3950 2132 4004 Divinum
2184 3950 2451 4004 ordinem

329 4029 403 4081 sit
443 4046 473 4081 a
514 4030 671 4083 veris
714 4028 1119 4101 spiritualibus
1159 4027 1529 4081 rationaliter
1569 4026 1789 4095 intrare
1832 4027 1888 4079 in
1927 4027 2261 4091 scientifica,
2307 4042 2453 4098 quac

326 4114 460 4157 sunt
500 4122 637 4158 vera
678 4106 981 4169 naturalia,
1039 4115 1097 4158 et
1135 4122 1254 4157 non
1295 4103 1366 4157 ab
1410 4103 1497 4157 his
1540 4102 1610 4157 ad
1654 4103 1771 4167 illa,
1817 4103 1951 4176 quia
1994 4103 2164 4156 datur
2205 4101 2451 4154 influxus

330 4179 648 4251 spiritualis
702 4180 760 4233 in
802 4182 1106 4244 naturalia,
1160 4198 1278 4234 non
1333 4190 1525 4234 autem
1569 4180 1815 4234 influxus
1856 4180 2133 4233 naturalis
2176 4195 2273 4230 seu
2317 4177 2451 4247 phy-

330 4255 484 4309 sicus
524 4257 582 4309 in
621 4256 978 4328 spiritualia,
1047 4277 1116 4313 rr:
1174 4266 1340 4318 3219·
1391 4267 1561 4318 5119.
1610 4265 1780 4317 5259.
1839 4263 2004 4315 5427·
2061 4260 2229 4313 5428.
2276 4259 2449 4311 5478.

327 4339 496 4393 6322.
540 4339 713 4395 91.10.·
746 4342 911 4396 9111.
