3013 5114
859 446 1392 503 HABITATIONES
1432 447 1901 504 ANGELORUM.
2368 462 2436 515 99

314 610 453 669 dam
486 610 549 666 in
582 607 732 665 locis
770 605 914 665 solia
949 609 1105 665 sicut
1135 625 1210 666 ex
1245 613 1528 684 argento,
1580 614 1642 667 et
1676 608 1907 668 fructus
1943 611 2098 668 sicut
2139 626 2211 668 ex
2255 626 2433 687 aur03

314 716 376 771 et
414 710 592 767 fiores
628 710 692 765 in
730 709 857 765 suis
895 710 1054 766 areis
1095 725 1206 784 per
1243 708 1475 768 colores
1527 708 1823 767 sistebant
1869 712 2041 785 quasi
2089 709 2302 787 irides3
2360 711 2438 769 ad

310 812 463 871 fines
501 811 712 867 iterum
762 808 991 885 palatia
1046 811 1176 866 visa
1226 816 1394 880 sunt,
1449 811 1511 866 in
1548 827 1702 884 quae
1743 810 2213 871 terminabantur
2248 829 2433 888 aspe-

311 918 477 971 ctus:
533 909 682 967 talia
716 916 856 967 sunt
889 908 1379 968 Architectonica
1427 908 1621 982 Coeli,
1678 916 1745 967 ut
1786 910 1949 969 dicas
1992 911 2076 969 ibi
2125 913 2335 970 Artem
2369 915 2430 971 in

316 1029 434 1071 sua
470 1017 598 1068 arte
637 1026 804 1084 esse,
860 1027 971 1068 nec
1018 1013 1258 1079 mirum,
1316 1012 1457 1092 quia
1491 1013 1631 1086 ipsa
1673 1010 1778 1068 illa
1843 1028 1941 1069 ars
1992 1029 2024 1070 e
2084 1011 2266 1071 Coelo
2318 1021 2429 1072 est.

310 1110 614 1171 Dicebant
649 1109 898 1186 Angeli‚
958 1111 1118 1186 quod
1159 1111 1332 1182 talia,
1404 1118 1465 1170 et
1499 1110 1956 1169 innumerabilia
2006 1111 2209 1187 plura,
2277 1131 2432 1188 quae

311 1212 509 1271 adhuc
569 1212 931 1287 perfectiora
985 1219 1154 1286 sunt,
1232 1214 1523 1270 sistantur
1570 1229 1607 1269 a
1667 1211 1926 1271 Domino
1982 1229 2182 1271 coram
2240 1213 2428 1272 oculis

312 1331 550 1388 eorum3
607 1312 717 1370 sed
754 1328 947 1387 usque
988 1313 1148 1388 quod
1175 1311 1279 1371 illa
1322 1313 1460 1390 plus
1498 1319 1729 1371 mentes
1773 1331 1979 1372 eorum
2017 1331 2196 1388 quam
2224 1313 2431 1372 oculos

312 1413 644 1484 oblectent,
693 1419 753 1472 et
786 1412 900 1469 hoc
939 1416 1078 1488 quia
1113 1416 1174 1471 in
1209 1414 1458 1489 singulis
1494 1414 1701 1472 vident
1737 1413 2330 1490 correspondentiaS,
2372 1420 2433 1473 et

311 1526 425 1592 per
461 1512 1024 1589 correspondentias
1062 1515 1301 1573 Divina.

474 1617 634 1673 186.
703 1614 803 1671 De·
838 1612 1396 1690 Corrcspondentiis
1435 1618 1617 1675 etiam
1650 1617 2002 1674 informatus
2041 1632 2208 1692 sum,
2272 1616 2431 1693 q'uod

312 1733 430 1776 non
474 1713 957 1774 ‘solumPalatia
1009 1724 1067 1773 et
1113 1717 1376 1787 DomuS,
1446 1716 1557 1775 sed
1605 1720 1784 1776 etiam
1832 1719 2029 1774 omnia
2079 1723 2140 1776 et
2190 1716 2430 1793 singula

314 1834 472 1894 quae
535 1819 694 1874 intra
745 1821 805 1874 et
870 1822 1042 1874 extra
1105 1817 1210 1874 illa
1257 1823 1425 1890 sunt,
1491 1816 2000 1892 correspondeant
2046 1817 2427 1876 interioribus

313 1935 468 1995 quae
507 1935 543 1974 a
580 1917 837 1975 Domino
875 1917 1040 1992 apud
1075 1915 1212 1976 illos
1225 1936 1240 1992 3
1297 1916 1457 1991 quod
1502 1919 1638 1992 ipsa
1670 1916 1900 1974 Domus
1937 1919 1997 1974 in
2033 1934 2254 1992 genere
2294 1934 2429 1975 cor-

313 2017 682 2093 respondeat
717 2016 873 2074 bono
911 2017 1176 2091 illorum,
1236 2024 1295 2075 et
1333 2017 1491 2092 quod
1539 2017 1777 2094 singula
1816 2034 1969 2093 quae
2015 2018 2171 2075 intra
2217 2016 2427 2076 domos

310 2119 494 2176 variis
539 2136 615 2176 ex
655 2116 871 2193 quibus
913 2118 1134 2176 bonum
1181 2113 1383 2199 (yyy);
1441 2124 1501 2175 ct
1544 2136 1700 2194 quae
1750 2124 1921 2176 extra
1970 2117 2175 2176 domos
2190 2161 2207 2191 ‚
2266 2119 2426 2176 veris

312 2235 470 2294 quae
507 2236 582 2275 ex
616 2218 806 2291 bone,
861 2226 921 2276 et
958 2236 1197 2294 quoque
1243 2219 1731 2294 perceptionibus
1765 2215 1959 2300 (ooo)3
2016 2225 2077 2277 et
2113 2221 2253 2296 quia
2289 2235 2425 2276 cor-

310 2318 681 2396 respondent
714 2318 888 2377 bonis
928 2325 988 2377 et
1031 2321 1189 2378 veris
1227 2337 1383 2395 quae
1428 2320 1591 2395 apud
1628 2318 1760 2378 illos
1798 2338 1873 2379 ex
1917 2320 2199 2393 Domino,
2267 2319 2428 2394 quod

308 2418 821 2495 correspondeant
855 2422 1043 2479 amori
1075 2420 1341 2493 illorum,
1415 2427 1473 2478 et
1523 2420 1661 2478 inde
1712 2422 2046 2497 sapientiae
2095 2427 2155 2478 et
2199 2419 2427 2477 intelli-

309 2523 578 2598 gentiae,
634 2523 774 2596 quia
821 2538 988 2580 amor
1053 2528 1147 2580 est
1199 2520 1364 2595 boni,
1430 2522 1726 2597 sapientia
1790 2527 1883 2579 est
1943 2519 2086 2577 boni
2137 2525 2197 2578 et
2250 2518 2429 2578 simul

309 2624 469 2696 veri,
532 2619 602 2679 ac
646 2621 1045 2698 intelligentia
1094 2629 1187 2680 est
1239 2624 1368 2681 veri
1416 2640 1491 2678 ex
1540 2621 1696 2679 bono
1710 2641 1726 2695 3
1785 2628 1845 2678 et
1900 2618 2061 2695 quod
2112 2619 2259 2678 talia
2313 2622 2432 2677 sint

310 2740 470 2799 quae
509 2724 851 2798 percipiunt
892 2722 1111 2799 Angeli
1161 2738 1293 2781 cum
1341 2727 1617 2796 spectant
1664 2719 1798 2792 illa,
1863 2728 1923 2779 et
1960 2720 2121 2795 quod
2153 2718 2260 2778 illa
2292 2718 2430 2779 ideo

313 2823 618 2883 oblectent
657 2829 717 2881 et
752 2823 1016 2881 afficiant
1051 2822 1190 2900 plus
1229 2839 1434 2881 eorum
1470 2827 1701 2880 mentes
1738 2839 1917 2903 quam
1956 2820 2179 2880 oculos

473 2926 630 2982 187.
697 2923 845 2983 Inde
880 2926 1101 2999 patuit,
1155 2940 1260 2981 cur
1294 2922 1588 2982 Dominus
1631 2939 1699 2981 se
1737 2922 1882 2981 dixit
1921 2921 2239 2998 Templum
2270 2920 2432 2998 quod

307 3027 368 3083 in
418 3024 870 3100 Hierosolyma,
927 3024 1160 3084 Johan:
1215 3023 1306 3082 11:
1378 3026 1487 3082 19.
1556 3027 1669 3083 21.
1712 3017 1863 3104 (zzz)
1944 3023 2022 3081 Et
2087 3040 2195 3082 cur
2255 3022 2432 3083 Nova

307 3124 733 3201 Hierosolyma
766 3127 900 3183 visa
937 3131 1030 3183 est
1067 3142 1141 3183 ex
1191 3142 1337 3182 auro
1365 3142 1548 3201 puro,
1599 3130 1811 3201 portae
1852 3124 1983 3201 ejus
2023 3140 2098 3182 ex
2130 3126 2424 3201 margari-

307 3227 420 3296 tie,
477 3233 537 3285 et
570 3225 959 3285 fundamenta
995 3242 1069 3284 ex
1102 3224 1406 3303 lapidibus
1433 3227 1748 3302 pretiosiS,
1799 3224 1998 3302 Apoc:
2040 3223 2201 3283 XXI
2212 3244 2229 3300 ς
2270 3222 2431 3300 quod

463 3443 621 3512 (yyy)
678 3442 844 3507 Quod
889 3442 1107 3495 Domus
1146 3460 1275 3494 cum
1327 3442 1442 3494 illis
1489 3460 1635 3514 quae
1680 3443 1832 3495 intus
1868 3451 2031 3504 sunt,
2096 3439 2428 3511 significent

310 3516 412 3571 illa
467 3517 620 3589 apud
663 3519 952 3571 hominem
999 3535 1144 3590 quac
1187 3518 1310 3586 ejus
1352 3518 1559 3571 mentis
1598 3529 1756 3581 sunt,
1829 3518 1905 3568 ita
1948 3516 2071 3583 ejus
2120 3515 2422 3580 interiora,

305 3611 376 3646 n:
421 3601 551 3655 710.
593 3602 760 3654 2233.
800 3603 969 3654 2234.
1012 3601 1181 3654 2719.
1219 3602 1385 3654 3128.
1430 3601 1597 3654 3538.
1637 3600 1807 3653 4973.
1845 3599 2011 3651 5023.
2057 3600 2223 3653 6619·
2254 3599 2425 3651 6690.

310 3678 482 3730 7353.
516 3678 681 3730 7848.
715 3678 880 3730 7910.
911 3678 1080 3730 7929.
1118 3678 1284 3730 9150.
1368 3669 1623 3722 Proinde
1667 3686 1812 3740 quae
1841 3677 1973 3719 sunt
2011 3668 2154 3721 honi
2190 3677 2249 3721 et
2273 3668 2422 3733 veri,

304 3764 373 3799 n:
440 3754 608 3806 2283.
665 3754 833 3806 2234.
882 3754 1049 3806 2559.
1100 3754 1269 3806 4982.
1319 3753 1487 3806 7848.
1533 3753 1698 3805 7929.
1792 3741 1958 3808 Quod
2009 3743 2310 3797 conclavia
2367 3754 2427 3798 et

303 3822 573 3875 cubicula
609 3823 932 3894 significent
979 3838 1125 3894 quae
1185 3823 1466 3874 interiora
1511 3821 1625 3883 ibi,
1688 3838 1754 3872 n:
1820 3827 1989 3880 3900.
2040 3828 2206 3882 5694.
2252 3827 2424 3881 7353.

308 3896 471 3964 Quod
504 3901 739 3951 Tectum
777 3898 981 3950 domus
1025 3898 1307 3970 significet
1334 3899 1617 3960 intimum,
1661 3914 1726 3948 n:
1775 3904 1942 3956 3652.
1988 3904 2195 3958 10184.
2259 3894 2425 3961 Quod

303 3977 525 4027 Domus
568 3992 634 4027 cx
677 3974 848 4046 lignis
884 3975 1168 4047 significet
1204 3975 1301 4026 illa
1344 3991 1489 4046 quae
1531 3984 1663 4026 sunt
1700 3973 1864 4037 boni,
1910 3982 1966 4025 et
1991 3973 2198 4027 domus
2240 3991 2308 4027 ex
2345 3973 2424 4026 la·

304 4050 540 4123 pidibus
582 4050 680 4103 illa
715 4068 862 4123 quac
904 4060 1037 4103 sunt
1078 4050 1236 4115 veri,
1295 4068 1362 4107 ηε
1406 4059 1573 4111 3720.

458 4127 607 4192 (zzz)
665 4126 835 4205 Quod
877 4130 1095 4179 Domus
1148 4126 1249 4179 Dei
1291 4126 1350 4178 in
1391 4142 1663 4197 supremo
1712 4142 1884 4178 sensu
1938 4127 2222 4199 significet
2268 4123 2425 4179 Divi-

303 4218 441 4253 num
484 4205 808 4254 Humanum
855 4203 1086 4256 Domini
1128 4202 1319 4274 quoad
1355 4202 1629 4255 Divinum
1670 4203 1927 4267 Bonum,
1991 4202 2294 4273 Templum
2328 4218 2424 4253 au-

302 4287 419 4330 tem
462 4278 656 4350 quoad
696 4279 973 4330 Divinum
1016 4281 1266 4348 Verum3
1314 4288 1369 4330 ct
1407 4278 1464 4330 in
1508 4296 1677 4330 sensu
1720 4280 2052 4350 respectivo
2095 4278 2338 4331 Coelum
2366 4286 2425 4329 et

304 4354 623 4407 Ecclesiam
666 4355 859 4426 quoad
898 4355 1120 4408 bonum
1160 4366 1219 4408 ct
1259 4372 1482 4420 verum,
1527 4371 1595 4405 n:
1640 4361 1811 4413 3720.
1999 4359 2002 4364 “

1894 4430 1999 4493 γὴὲ
