3013 5114
952 427 1048 487 ΒΕ
1090 426 1594 500 ΕῙΜΕΝΘΙΤΑΤΕ
1637 429 1872 486 coum.
2376 444 2483 497 245

359 605 492 648 cum
531 603 711 646 omne·
741 605 941 647 meum
961 590 1296 667 jucundum
1325 590 1546 651 vellem
1581 591 1902 651 transferre
1938 593 1999 650 in
2035 591 2318 668 alterum,
2385 595 2481 653 in-

354 689 574 749 flueret
616 688 894 749 continue
923 690 1258 767 jucundum
1293 693 1426 752 loco
1467 693 1599 770 ejus
1626 693 1873 752 interius
1911 699 1971 751 et
2009 692 2262 769 pleniuS,
2303 712 2482 772 quam

354 791 557 869 prius3
596 794 658 848 et
694 789 854 866 quod
884 797 1171 866 quantum
1207 793 1321 853 hoc
1352 793 1603 868 vellem,
1645 799 1872 852 tantum
1908 795 2212 871 influeret3
2254 801 2314 854 et
2338 813 2480 873 per-

357 897 597 969 ceptum
642 897 764 966 est,
821 884 1129 968 quod‘hoc
1168 912 1205 951 a
1242 895 1518 954 Domino.

519 994 691 1050 414.
746 990 864 1068 Qui
900 995 958 1052 iu
1000 992 1182 1054 Coelo
1219 1003 1381 1071 sunt,
1441 997 1719 1055 continue
1758 996 1834 1055 ad
1870 1015 2115 1056 vernum
2143 997 2303 1056 vitae
2336 1014 2479 1074 per-

360 1100 508 1171 gunt
521 1112 538 1168 3
595 1097 655 1151 et
711 1111 828 1168 quo
880 1093 1059 1170 plura
1107 1094 1293 1155 millia
1339 1113 1630 1156 annorum
1677 1098 1925 1170 vivunt,
2000 1114 2069 1158 eo
2121 1097 2198 1155 ad
2234 1114 2483 1158 vernum

255 1262 269 1280 Ι
353 1193 681 1274 jucundius
722 1200 780 1252 et
818 1194 1085 1268 felicius,
1146 1203 1203 1255 et
1245 1196 1363 1256 hoc
1399 1199 1459 1255 in
1497 1204 1836 1271 aeternum,
1895 1215 2028 1258 cum
2079 1201 2479 1273 incrementiS,

358 1294 692 1356 secundum
736 1296 987 1366 amoris,
1053 1297 1361 1357 charitatis
1422 1305 1483 1358 et
1533 1297 1675 1357 fidei
1717 1315 2079 1376 progressus
2123 1305 2184 1358 et
2233 1298 2475 1376 gradus.

356 1397 448 1455 Ex
486 1412 637 1455 sexu
686 1394 1036 1471 foeminino,
1090 1414 1243 1473 quae
1284 1398 1509 1458 seniles
1551 1416 1620 1458 ac
1662 1401 1830 1458 senio
1867 1401 2175 1460 confectae
2212 1405 2481 1479 mortuae

358 1504 525 1571 sunt,
586 1502 645 1554 et
686 1497 747 1555 in
781 1497 897 1556 fide
931 1499 991 1556 in
1012 1497 1351 1574 Dominum,
1391 1499 1682 1559 charitate
1721 1517 1867 1576 erga
1900 1503 2268 1577 proximum,
2326 1506 2387 1558 et
2423 1503 2483 1558 in

357 1616 564 1658 amore>
587 1598 906 1675 conjugiali
935 1598 1095 1658 felici
1124 1616 1258 1659 cum
1282 1602 1495 1659 marito
1525 1603 1821 1680 Yixerunt,
1855 1607 1994 1677 post
2022 1618 2312 1664 annorum
2341 1617 2482 1661 suc-

361 1715 629 1770 cessum,
684 1701 876 1775 magis
906 1705 965 1758 et
995 1702 1185 1776 magis
1228 1703 1289 1759 in
1317 1702 1656 1778 juventutis
1693 1709 1751 1761 et
1799 1702 2242 1768 adolescentiae
2275 1702 2482 1760 florem

358 1802 633 1874 veniunt,
672 1802 852 1876 inque
890 1800 1426 1877 pulchritudinem,
1482 1819 1638 1878 quae
1668 1802 1906 1862 excedit
1943 1820 2178 1862 omnem
2214 1802 2482 1879 pulchri-

357 1901 578 1959 tudinis
624 1899 822 1960 ideam
861 1917 1116 1977 usquam
1159 1904 1295 1961 visu
1330 1892 1839 1978 perceptibilem3‘
1867 1902 2101 1961 bonitas
2134 1909 2193 1961 et
2220 1902 2481 1961 charitas

361 2006 456 2062 est
503 2018 659 2078 quae
714 2001 957 2073 format,
1013 2011 1073 2061 et
1120 2005 1215 2061 sui
1262 2003 1456 2062 simile
1506 2005 1694 2076 sistit,
1752 2008 1814 2061 et
1859 2003 2003 2062 facit
2047 2009 2111 2060 ut
2150 2003 2482 2080 jucundum

359 2109 423 2162 et
454 2098 768 2180 pulchrum
822 2102 1129 2162 charitatis
1188 2121 1262 2162 ex
1306 2103 1801 2180 singularissimis
1845 2103 2023 2162 faciei
2074 2103 2341 2172 eluceat,
2394 2105 2482 2162 sic

359 2208 426 2262 ut
462 2205 636 2282 ipsae
677 2203 983 2262 charitatis
1022 2203 1251 2263 formae
1288 2205 1408 2262 sint
1422 2224 1438 2280 3
1480 2206 1649 2265 visae
1692 2210 1830 2262 sunt
1858 2203 2233 2280 quibusdam,
2275 2208 2334 2261 et
2369 2202 2479 2261 ob·-

361 2310 758 2381 stupuerunt:
814 2303 1122 2363 charitatis
1168 2305 1361 2365 forma
1410 2310 1502 2363 est
1539 2304 1677 2363 talis
1691 2349 1708 2379 ,
1767 2322 1921 2381 quae
1969 2303 2048 2363 ad
2081 2305 2282 2363 vivum
2336 2320 2482 2363 con-

362 2407 616 2482 spicitur
654 2407 717 2463 in
746 2404 966 2480 Coele,
1026 2404 1185 2480 quod
1218 2408 1354 2482 ipsa
1388 2405 1649 2465 charitas
1687 2407 1765 2465 sit
1800 2422 1955 2487 quae
1994 2404 2230 2481 effigiat*
2252 2410 2313 2463 et
2348 2405 2480 2464 effi·

358 2508 587 2585 giatur,
645 2511 706 2566 et
754 2505 993 2590 quidem
1046 2507 1166 2576 sic,
1217 2513 1285 2567 ut
1331 2513 1496 2567 totus
1531 2505 1834 2583 Angelus,
1891 2506 2235 2582 cumprimis
2271 2504 2478 2580 faciest,

358 2609 439 2666 sit
475 2609 651 2683 quasi
686 2607 948 2666 charitas
963 2652 978 2681 ,
1055 2625 1208 2684 quae
1247 2607 1561 2665 manifeste
1611 2613 1672 2666 et
1722 2610 1978 2683 apparet
2027 2611 2088 2665 et
2119 2607 2479 2683 percipitur3

360 2725 517 2785 quae
555 2708 778 2780 forma,
833 2725 968 2768 cum
1004 2715 1353 2785 spectatur,
1408 2712 1500 2765 est
1547 2706 1930 2784 pulchritudo
1977 2706 2294 2765 ineffabilis
2345 2706 2478 2765 affi-

357 2812 522 2870 ciens
579 2809 868 2868 charitate
909 2811 1104 2885 ipsam
1159 2810 1342 2869 vitam
1390 2810 1607 2866 mentis
1660 2810 1959 2867 intimamz
2015 2807 2232 2879 verbo,
2296 2822 2478 2867 sene-

356 2927 526 2970 scere
555 2912 616 2968 in
654 2909 837 2969 Coelo
877 2915 967 2968 est
993 2911 1425 2988 juvenescere:
1484 2911 1587 2985 qui
1625 2911 1687 2968 in
1725 2926 1928 2969 amore
1964 2912 2025 2967 in
2060 2908 2379 2967 Dominum
2419 2916 2480 2967 et

356 3013 419 3070 in
455 3010 745 3071 charitate
802 3027 946 3086 erga
991 3013 1329 3087 proximum
1364 3012 1672 3084 vixerunt,
1735 3011 1886 3070 tales
1922 3012 2179 3085 formae,
2233 3027 2344 3070 seu
2379 3016 2476 3067 ta-

356 3111 449 3172 les
488 3111 990 3189 pulchritudineS,
1055 3114 1116 3170 in
1162 3112 1356 3170 altera
1400 3113 1527 3169 vita
1573 3110 1755 3187 fiunt3
1811 3129 2017 3171 omnes
2059 3111 2279 3187 Angeli
2324 3110 2478 3170 tales

352 3213 582 3274 formae
619 3219 787 3285 sunt,
844 3229 978 3271 cum
1021 3211 1439 3271 innumerabili
1479 3213 1772 3272 varietate
1786 3232 1803 3289 3
1860 3230 1936 3272 ex
1970 3212 2064 3272 his
2106 3210 2374 3271 Coelum.

851 3384 973 3451 De
1027 3382 1645 3460 immensitate
1701 3379 1978 3457 Coeli.

514 3518 599 3573 41
620 3517 675 3575 5.
735 3514 909 3592 Quod
947 3515 1196 3575 Goelum
1224 3516 1467 3576 Domini
1501 3516 1859 3573 immensum
1891 3514 1985 3587 sit,
2026 3517 2303 3572 constare
2339 3517 2478 3590 pot-

362 3620 457 3675 est
497 3633 571 3675 ex
606 3614 911 3691 pluribuS,
946 3634 1103 3699 quae
1139 3620 1202 3676 in
1231 3615 1725 3676 antecedentibus
1763 3614 1923 3673 dicta
1959 3622 2018 3674 et
2046 3618 2291 3674 ostensa
2316 3618 2476 3689 sunt,

359 3718 707 3792 cumprimis
746 3733 821 3776 ex
857 3733 957 3791 e0,
999 3717 1158 3793 quod
1197 3715 1445 3777 Coelum
1470 3718 1550 3773 sit
1581 3732 1654 3773 ex
1683 3713 1960 3773 Humano
1992 3731 2232 3792 genere,
2270 3714 2480 3775 videa-

355 3823 455 3877 tur
497 3834 685 3896 supra
723 3824 804 3877 n:
853 3818 984 3877 311
1025 3818 1102 3877 ad
1136 3820 1297 3893 317,
1355 3823 1416 3876 et
1455 3834 1574 3873 non
1611 3815 1786 3874 modo
1835 3833 1909 3874 ex
1942 3816 2072 3892 illc,
2130 3815 2289 3892 quod
2321 3818 2480 3875 intra

355 3919 693 3978 Ecclesiam
729 3926 932 3980 natum
973 3926 1092 3994 est,
1131 3918 1240 3978 sed
1277 3920 1456 3977 etiam
1494 3934 1568 3976 ex
1608 3917 1736 3990 illo,
1795 3916 1956 3995 quod
1992 3923 2182 3997 extra,
2221 3936 2289 3976 n:
2334 3918 2472 3977 318

358 4018 438 4076 ad
478 4021 614 4079 328
634 4064 651 4095 ,
708 4022 795 4079 ita
831 4037 907 4080 ex
943 4018 1217 4080 omnibus
1265 4037 1301 4077 a
1342 4021 1536 4097 primo
1574 4026 1705 4079 ortu
1742 4019 1924 4098 hujus
1959 4019 2222 4094 telluris,
2281 4020 2384 4095 qui
2417 4021 2478 4076 in

354 4118 514 4178 bono
552 4121 847 4180 vixerunt.
935 4121 1180 4197 Quanta
1229 4119 1546 4180 multitudo
1589 4120 1895 4181 hominum
1932 4123 1994 4181 in
2044 4122 2325 4181 universo
2361 4119 2477 4178 hoc

354 4225 651 4279 terrarum
686 4221 829 4281 orbe
883 4228 1009 4291 est,
1064 4223 1316 4298 quisque
1366 4224 1468 4299 qui
1517 4223 1591 4282 de
1631 4223 1943 4296 PartibuS,
1997 4219 2365 4297 Regionibus
2416 4226 2477 4276 et

354 4318 579 4399 Regnis
625 4321 804 4401 hujus
859 4322 1120 4383 Telluris
1169 4322 1395 4399 aliquid
1440 4325 1636 4400 novit,
1693 4321 2049 4383 concludere
2092 4325 2294 4397 potest
2305 4339 2320 4396 3
2378 4321 2480 4394 qui
