3013 5114
577 442 685 501 134
952 423 959 430 ⁹
1188 429 1282 483 DE
1328 427 1564 485 COELO
1606 427 1703 481 ET
1739 426 2074 498 INFERNO.2

577 610 742 661 cum,
793 608 927 648 cum
974 592 1037 648 in
1083 589 1382 648 consortio
1435 589 1522 646 fui
1570 603 1705 647 eum
1742 587 1990 664 Angelis
2003 632 2023 662 ,
2087 594 2148 646 et
2190 590 2249 646 in
2298 586 2475 646 simili
2524 592 2684 646 statu

577 710 712 751 cum
751 690 901 764 illis,
976 697 1116 748 tunc
1156 706 1393 766 quoque
1437 689 1723 764 loquutus
1766 704 1897 745 sum
1950 706 2085 747 cum
2135 688 2251 746 illis
2304 705 2421 746 sua
2459 689 2686 765 lingua,

574 809 687 853 nec
726 792 874 852 scivi
909 793 1228 868 quicquam
1263 790 1338 850 de
1375 807 1539 864 mea,
1608 789 1779 866 cujus
1828 805 1939 848 nec
1982 789 2331 848 recordatus
2388 806 2553 866 sum3
2619 799 2688 848 ut

577 897 833 970 primum
879 898 1081 952 autem
1117 908 1234 950 non
1275 908 1408 950 cum
1447 889 1565 949 illis
1600 893 1661 948 in
1703 893 1998 949 consortio
2024 890 2156 964 fui,
2209 892 2269 948 in
2305 907 2441 949 mea
2480 891 2688 968 lingua

580 1011 760 1054 eram.
819 993 1157 1052 Memoratu
1194 995 1374 1052 etiam
1411 990 1655 1067 dignum
1693 998 1805 1062 est,
1856 991 2015 1066 quod
2052 1008 2183 1050 cum
2223 991 2421 1067 angeli
2459 997 2519 1050 et
2553 994 2688 1068 spi-

576 1097 726 1154 ritus
767 1109 836 1152 se
874 1099 1230 1154 convertunt
1272 1092 1351 1151 ad
1386 1093 1716 1165 hominem,
1782 1090 1946 1167 loqui
1991 1094 2224 1168 possint
2273 1109 2407 1152 cum
2455 1092 2558 1150 illo
2609 1092 2687 1151 ad

578 1212 810 1253 omnem
854 1195 1224 1270 distantiam,
1299 1193 1531 1269 loquuti
1582 1194 1759 1251 etiam
1813 1198 1954 1250 sunt
1998 1209 2233 1251 mecum
2281 1212 2313 1252 e
2360 1193 2685 1269 longinquo

580 1313 773 1372 aeque
815 1312 1030 1354 sonore
1066 1287 1222 1354 sicu‘t
1256 1297 1316 1353 in
1356 1295 1725 1370 propinquo,
1804 1309 1939 1351 cum
1988 1301 2189 1352 autem
2228 1310 2295 1352 se
2332 1300 2689 1353 convertunt

584 1396 659 1454 ab
685 1390 954 1466 homine,
1002 1412 1072 1454 ac
1109 1397 1263 1453 inter
1300 1412 1366 1453 se
1395 1394 1761 1470 loquuntur,
1815 1393 1973 1469 quod
2001 1411 2249 1470 prorsus
2286 1394 2432 1452 nihil
2470 1395 2685 1454 audia-

580 1505 679 1554 tur
721 1495 798 1554 ab
845 1496 1083 1554 homine
1135 1495 1275 1570 quid
1315 1495 1673 1569 loquuntur,
1748 1496 1802 1552 si
1845 1494 1944 1553 vel
1991 1495 2052 1553 id
2094 1495 2250 1553 foret
2279 1496 2459 1571 juxta
2492 1497 2686 1571 ipsam

579 1613 818 1672 aurem,
868 1596 1006 1655 inde
1041 1598 1255 1671 patuit,
1296 1595 1456 1671 quod
1488 1597 1679 1653 omnis
1709 1596 2046 1672 conjunctio
2085 1598 2146 1653 in
2182 1597 2477 1672 spirituali
2512 1614 2689 1654 mun-

582 1696 657 1755 do
720 1697 802 1755 sit
845 1695 1179 1756 secundum
1234 1697 1707 1755 conversionem.
1798 1696 2063 1773 Dignum
2122 1698 2303 1755 etiam
2354 1705 2687 1756 memoratu

582 1803 706 1870 est,
760 1796 919 1873 quod
968 1797 1173 1872 plures
1216 1797 1394 1856 simul
1428 1798 1667 1873 possint
1713 1796 1877 1872 loqui
1928 1815 2059 1856 cum
2097 1797 2364 1871 homine,
2418 1799 2686 1858 ethome

581 1915 716 1957 cum
747 1898 899 1974 illis3
954 1899 1196 1958 mittunt
1233 1901 1388 1957 enim
1430 1896 1692 1974 aliquem
1719 1899 1995 1974 spiritum
2046 1915 2082 1956 a
2134 1914 2201 1956 se
2241 1899 2318 1957 ad
2365 1900 2684 1973 hominem,

580 2015 717 2057 cum
771 2016 889 2075 quo
937 1998 1103 2075 loqui
1144 1999 1380 2072 volunt,
1446 2004 1508 2058 et
1554 2000 1803 2074 spiritus
1851 2002 2104 2058 emissus
2142 2015 2211 2058 se
2262 2003 2556 2060 convertit
2604 2000 2683 2058 ad

576 2083 764 2170 illum,
816 2104 875 2158 et
910 2099 1117 2174 plures
1154 2099 1240 2158 illi
1268 2100 1345 2158 ad
1370 2115 1546 2157 suum
1583 2101 1874 2174 spiritum,
1923 2106 1982 2158 et
2009 2102 2095 2158 510
2126 2108 2514 2159 concentrant
2540 2117 2686 2159 suas

581 2201 1004 2275 cogitationen,
1077 2215 1225 2274 quas
1275 2201 1522 2275 spiritus
1557 2199 1817 2275 prosert3
1880 2203 2126 2277 spiritus
2162 2208 2302 2260 tunc
2347 2219 2465 2260 non
2510 2201 2686 2261 aliter

580 2301 719 2372 scit,
780 2315 955 2374 quam
988 2299 1148 2375 quod
1181 2301 1314 2375 ipse
1350 2299 1633 2376 loquatur
1670 2316 1738 2358 ex
1777 2316 1876 2372 se,
1928 2308 1987 2360 et
2022 2301 2111 2360 illi
2143 2320 2260 2361 non
2298 2303 2471 2361 aliter
2507 2321 2685 2379 quam

581 2398 742 2475 quod
769 2400 918 2476 ipsi3
972 2401 1058 2459 ita
1083 2400 1150 2458 fit
1186 2401 1522 2477 conjunctio
1560 2399 1820 2475 plurium
1857 2419 1994 2461 cum
2023 2420 2141 2461 uno
2180 2405 2361 2463 etiam
2395 2421 2505 2480 per
2541 2420 2688 2462 con-

575 2501 911 2561 versionem
954 2497 1104 2583 (uu).
1180 2499 1304 2562 Sed
1339 2502 1411 2561 (10
1451 2499 1771 2579 Spiritibus
1813 2501 1908 2561 his
1947 2505 2291 2579 emissariis,
2352 2505 2453 2581 qui
2504 2506 2688 2565 etiam

572 2609 867 2662 vocantur
913 2602 1232 2681 Subjecta,
1290 2610 1350 2664 et
1392 2603 1465 2663 de
1523 2605 2058 2664 communicatione
2106 2622 2219 2682 per
2264 2605 2431 2679 inos,
2484 2607 2543 2665 in
2579 2622 2685 2666 se-

573 2703 891 2779 quentibus
927 2704 1107 2780 plura
1141 2704 1428 2764 dicentur.

736 2805 897 2861 256.
960 2804 1095 2863 Non
1128 2804 1270 2863 licet
1306 2804 1483 2863 alicui
1518 2805 1752 2882 Angelo
1803 2812 1863 2865 et
1899 2804 2149 2882 Spiritui
2194 2807 2360 2883 loqui
2400 2824 2533 2866 cum
2567 2807 2686 2866 ho·-

574 2899 730 2962 mine
771 2920 842 2961 ex
881 2919 993 2961 sua
1027 2906 1343 2979 memoria,
1408 2905 1517 2962 sed
1554 2923 1628 2964 ex
1665 2907 1949 2982 hominis3
2007 2908 2250 2985 angelis¹
2276 2910 2431 2966 enim
2469 2915 2527 2967 et
2553 2910 2683 2985 spi-

569 3002 781 3061 ritibus
822 3019 1014 3079 aeque
1053 3009 1148 3062 est
1179 3007 1468 3064 memoria
1508 3023 1577 3065 30
1613 3006 1951 3067 hominibus
1965 3027 1982 3083 3
2031 3010 2083 3067 si
2110 3010 2358 3084 spiritus
2397 3026 2530 3068 cum
2562 3008 2686 3068 ho-

569 3103 726 3162 mine
785 3100 1134 3179 loqueretur
1185 3122 1260 3164 ex
1311 3121 1424 3163 sua
1484 3109 1806 3177 memoria,
1893 3114 2034 3168 tunc
2094 3110 2271 3168 homo
2328 3127 2447 3168 non
2511 3109 2687 3169 aliter

570 3204 780 3277 sciret,
848 3220 1026 3279 quam
1073 3205 1231 3279 quod
1267 3221 1365 3265 res
1406 3224 1555 3281 quas
1592 3213 1734 3265 tunc
1788 3210 2010 3284 cogitat
2056 3227 2207 3270 suae
2257 3216 2488 3282 essent,
2541 3227 2684 3277 cum

506 3363 513 3372 ,
568 3309 770 3363 13111011
804 3310 943 3363 511111
977 3306 1242 3381 spiritus,
1294 3313 1388 3365 est
1416 3307 1583 3366 velut
1618 3310 2058 3368 reminiscentia
2085 3313 2209 3382 rei,
2264 3330 2446 3389 quam
2482 3318 2685 3371 tamen

565 3404 743 3464 homo
772 3422 1069 3483 nusquam
1098 3406 1324 3466 audivit
1362 3413 1467 3465 aut
1501 3408 1679 3467 vidit:
1732 3410 1893 3485 quod
1927 3414 2011 3469 ita
2046 3414 2145 3481 sit,
2192 3412 2268 3471 ab
2310 3414 2686 3489 experientia

569 3505 713 3565 mihi
751 3509 905 3566 scire
932 3585 936 3589 Δ
961 3507 1163 3566 datum
1207 3515 1316 3567 est.
1381 3507 1533 3569 Inde
1580 3510 1694 3568 fuit
1744 3510 2104 3587 quibusdam
2150 3515 2408 3589 antiquis
2460 3515 2680 3589 opinio,

571 3606 732 3682 quod
786 3614 927 3684 post
982 3609 1210 3686 aliquot
1252 3608 1447 3668 millia
1499 3627 1789 3669 annorum
1835 3612 2087 3671 redituri
2141 3620 2345 3673 essent
2394 3616 2455 3672 in
2500 3616 2688 3673 vitam

572 3722 745 3764 5113111
778 3710 1057 3784 priorem,
1116 3716 1177 3769 et
1216 3712 1276 3769 111
1312 3713 1513 3770 01111113
1549 3712 1680 3789 ejus
1718 3719 1873 3782 acta,
1922 3720 1983 3772 et
2020 3730 2258 3798 quo-que
2286 3715 2448 3792 quod
2480 3714 2683 3775 redie-

721 3944 854 4008 (uu)
931 3945 1102 4021 Quod
1155 3945 1407 4017 Spiritus
1459 3966 1490 4001 a
1553 3947 1950 4001 societatibus·
1991 3950 2299 4020 spirituum
2360 3951 2553 4005 emissi
2612 3951 2687 4004 ad

564 4015 707 4071 alias
751 4018 1060 4074 societates
1102 4020 1369 4075 dicantur
1411 4024 1704 4091 subjecta,
1747 4043 1813 4077 n:
1860 4032 2026 4085 4403.
2071 4033 2237 4087 5856.
2320 4026 2492 4106 Quod
2532 4043 2685 4078 com·

562 4092 986 4148 municationes
1059 4096 1121 4148 in
1185 4097 1403 4151 mundo
1459 4099 1750 4169 spirituali
1806 4099 1945 4153 finnt
1996 4119 2104 4171 per
2154 4103 2298 4156 tales
2352 4102 2689 4156 emissarios

564 4168 838 4240 spiritus»,
894 4187 963 4222 n:
1007 4178 1178 4233 4403.
1223 4181 1393 4234 5856.
1440 4182 1609 4236 5983.
1704 4175 1873 4253 Quod
1928 4176 2201 4246 spiritus,
2259 4197 2390 4232 cum
2444 4178 2690 4231 emissus

563 4256 679 4307 est,
725 4256 782 4299 et
823 4246 1069 4301 inservit
1108 4267 1218 4319 pro
1262 4250 1562 4318 subjecto,
1625 4268 1744 4303 11011
1784 4252 2003 4323 cogitet
2043 4271 2112 4306 ex
2152 4271 2243 4318 se,
2294 4255 2393 4309 sed
2435 4273 2500 4308 ex
2544 4255 2686 4318 illis,

565 4339 633 4376 ex
675 4321 885 4396 quibus
929 4325 1168 4380 emissus
1210 4336 1314 4392 est,
1357 4344 1425 4381 n:
1473 4334 1642 4391 5985.
1688 4334 1854 4389 5986·
1899 4334 2064 4389 5987·
