3013 5114
584 444 691 494 182
1198 428 1286 480 DE
1333 423 1578 481 COELO
1625 425 1716 478 ET
1757 424 2087 479 INFERNO.

583 610 718 652 cum
754 590 1035 661 audiunt,
1092 588 1249 664 quod
1296 587 1468 646 Deus
1516 587 1711 646 Homo
1766 587 1964 645 factus
2004 587 2111 656 sit,
2168 601 2238 643 ac
2281 586 2365 643 ita
2401 601 2470 644 se
2508 588 2704 643 mani-

582 693 898 752 festaverit
931 693 991 749 in
1029 689 1281 763 mundo,
1337 688 1499 746 illico
1552 695 1913 764 agnoscunt,
1973 692 2034 745 et.
2077 687 2399 745 Dominum
2434 685 2708 759 adorant,

584 794 851 852 dicentes
888 792 1047 870 quod
1081 790 1251 849 Deus
1289 791 1525 848 omnino
1554 805 1621 847 se
1649 788 2134 860 manifestaverit,
2176 789 2315 862 quia
2349 787 2520 845 Deus
2554 786 2709 845 coeli

585 901 646 954 et.
679 900 874 952 terrae
914 898 1040 963 est,
1081 897 1140 949 et
1168 892 1308 967 quia
1341 890 1665 948 humanum
1702 906 1895 966 genus
1934 896 2028 947 est
2053 888 2255 963 Ipsius
2287 883 2431 969 (oo).
2486 888 2708 946 Divina

582 996 804 1054 veritas
846 1000 965 1068 est,
1020 991 1179 1068 quod
1207 991 1434 1067 absque
1472 990 1732 1049 Domino
1761 990 1928 1048 nulla
1953 990 2120 1048 salus
2159 985 2267 1057 s'it,
2317 989 2425 1047 sed
2461 989 2572 1047 hoc
2609 991 2704 1046 in-

584 1094 973 1175 telligendum
1012 1101 1104 1153 est
1151 1095 1274 1162 ita,
1343 1092 1505 1169 quod
1547 1091 1711 1150 nulla
1755 1091 1919 1149 salus
1968 1093 2046 1149 sit
2094 1107 2272 1166 quam
2325 1109 2360 1147 a
2411 1090 2704 1148 Domino:

587 1203 726 1255 sunt
775 1199 835 1253 in
881 1196 1164 1253 universo
1211 1193 1418 1270 plures
1472 1192 1786 1267 TellureS,
1846 1193 1905 1250 e't
1943 1209 2147 1250 omnes
2198 1191 2413 1266 plenae
2461 1190 2706 1264 incoli-¹33

586 1300 682 1356 vix
732 1296 816 1356 ibi
874 1296 983 1354 ulli
1018 1297 1245 1369 sciunt,
1317 1293 1474 1370 quod
1528 1294 1822 1353 Dominus
1869 1294 2222 1351 assumserit
2269 1293 2609 1351 Humanum
2645 1294 2706 1349 in

584 1405 792 1457 nostra
830 1397 1072 1456 Tellure
1093 1415 1109 1471 3
1165 1394 1275 1453 sed
1313 1412 1501 1469 usque
1551 1396 1691 1469 quia
1723 1393 2005 1451 Divinum
2055 1393 2166 1452 sub
2205 1393 2482 1450 Humana
2518 1393 2709 1451 forma

584 1497 863 1571 adorant,
921 1515 958 1555 a
1000 1497 1256 1555 Domino
1309 1503 1700 1570 acceptantur
1747 1501 1807 1552 ct
1857 1494 2179 1569 ducuntur3
2238 1495 2312 1553 de
2356 1512 2473 1570 qua
2508 1512 2572 1553 re
2611 1496 2703 1550 vi-

585 1599 798 1657 deatur
837 1600 894 1655 in
934 1596 1242 1673 Opusculo
1282 1596 1353 1653 de
1402 1596 1748 1654 Telluribus
1791 1598 1850 1653 in
1885 1594 2201 1655 UniverSO.

745 1701 905 1757 322.
964 1696 1117 1756 Sunt
1141 1700 1294 1755 inter
1326 1696 1619 1770 GentileS,
1660 1698 1817 1755 sicut
1845 1698 1999 1755 inter
2030 1696 2417 1766 ChristianOS,
2457 1697 2704 1772 sapien-

584 1808 677 1858 tes
717 1804 777 1858 et
821 1799 1126 1875 simplices
1143 1819 1158 1873 3
1215 1807 1280 1856 ut
1324 1800 1651 1856 instruerer
1696 1798 1905 1873 quales
1942 1805 2111 1869 sunt,
2172 1816 2304 1855 cum
2351 1797 2469 1854 illis
2518 1806 2576 1853 et
2611 1796 2706 1854 his

586 1901 791 1958 datum
831 1908 924 1958 est
965 1900 1158 1976 loqui,
1218 1900 1578 1975 quandoque
1622 1916 1733 1975 per
1777 1899 1956 1958 horas
1996 1906 2054 1956 et
2093 1899 2252 1956 dies:
2310 1897 2418 1957 sed
2463 1898 2563 1973 qui
2600 1915 2703 1956 sa-

581 2004 822 2079 pientes
875 2009 1043 2074 sunt,
1126 2001 1303 2060 hodie
1359 2018 1475 2057 non
1528 2001 1745 2058 dantur
1793 2003 1951 2058 sicut
2000 2002 2257 2075 antiquis
2316 1998 2703 2073 temporibus,

507 2099 512 2106 “
582 2104 871 2179 imprimis
907 2104 968 2159 in
1005 2102 1270 2177 Antiqua
1297 2100 1598 2169 Ecclesia,
1640 2100 1793 2177 quae
1832 2118 1942 2176 per
1970 2099 2222 2158 multum
2261 2100 2417 2157 orbis
2458 2100 2706 2158 Asiatici

585 2203 802 2260 diffusa
851 2201 990 2270 suit,
1043 2220 1075 2260 e
1119 2220 1236 2277 qua
1281 2201 1517 2276 Religio
1575 2203 1874 2258 emanavit
1928 2201 2004 2259 ad
2052 2202 2258 2277 plures
2313 2201 2571 2260 Gentes:
2640 2209 2707 2258 ut

585 2305 800 2361 scirem
840 2301 1049 2378 quales
1087 2304 1353 2375 fuerunt,
1414 2318 1547 2359 cum
1598 2302 1955 2377 quibusdam
2003 2305 2064 2360 in
2119 2302 2396 2360 familiari
2431 2319 2706 2361 sermone

528 2438 531 2441 -
585 2419 722 2463 esse
762 2403 963 2461 datum
1003 2410 1111 2463 est.
1173 2403 1311 2462 Fuit
1348 2401 1506 2478 apud
1535 2420 1627 2460 me
1667 2403 1923 2478 quidam,
1965 2405 2064 2479 qui
2103 2405 2242 2462 olim
2270 2405 2422 2460 inter
2457 2407 2704 2479 sapien-

574 2507 762 2565 tiores
800 2504 940 2580 fuit,
999 2512 1058 2564 et
1093 2522 1330 2583 quoque
1368 2503 1504 2562 inde
1544 2511 1721 2563 notus
1772 2506 1833 2562 in
1884 2503 2045 2564 Orbe
2095 2505 2355 2578 erudit03
2414 2520 2548 2562 cum
2589 2516 2706 2580 quo·

578 2606 652 2666 de
690 2608 870 2664 variis
918 2607 1201 2682 loquutus
1248 2623 1409 2681 sum3
1470 2584 1727 2664 ‘credere
1768 2605 2022 2664 dabatur
2059 2607 2217 2682 quod
2255 2617 2414 2664 esset
2457 2605 2704 2666 Cicero:

580 2715 642 2766 et
685 2709 828 2783 quia
862 2709 1001 2765 novi
1039 2707 1197 2783 quod
1224 2708 1467 2783 sapiens
1496 2707 1715 2782 suerit,
1770 2724 1966 2765 sermo
2005 2708 2117 2765 fuit
2153 2724 2283 2766 cum
2318 2708 2419 2765 illo
2464 2707 2536 2765 de
2587 2707 2702 2767 Sa·

576 2808 834 2885 pientia,
891 2807 964 2865 de
1002 2807 1433 2883 Intelligentia,
1492 2806 1566 2864 de
1619 2807 1875 2882 Ordine,
1934 2809 2007 2867 de
2059 2808 2295 2881 Verbo,
2355 2817 2413 2866 et
2469 2808 2706 2866 demum

579 2908 653 2965 de
698 2906 988 2964 Domino:
1048 2908 1120 2964 de
1162 2906 1472 2982 Sapientia
1518 2908 1689 2980 dixit,
1750 2909 1908 2984 quod
1948 2927 2060 2967 non
2100 2910 2219 2967 alia
2260 2912 2555 2985 sapientia
2601 2909 2707 2970 de-

576 3012 704 3081 tur,
763 3024 938 3082 quam
980 3024 1135 3081 quae
1168 3015 1259 3064 est
1286 3009 1482 3077 vitae,
1540 3014 1598 3066 et
1635 3009 1792 3083 quod
1830 3009 1903 3067 de
1933 3010 2051 3069 alia
2091 3028 2156 3067 re
2195 3011 2494 3086 sapientia
2522 3028 2705 3087 prae-

576 3106 766 3166 dicari
808 3114 1102 3182 nequeat:
1173 3108 1245 3164 de
1287 3107 1718 3184 Intelligentia,
1778 3109 1937 3185 quod
1972 3111 2077 3168 illa
2115 3114 2191 3169 sit
2232 3112 2402 3170 inde:
2472 3112 2545 3170 de
2585 3110 2706 3171 Or-

577 3208 745 3282 dine,
803 3206 961 3282 quod
1000 3206 1160 3266 Ordo
1197 3209 1274 3264 sit
1316 3225 1352 3266 a
1394 3208 1686 3284 Supremo
1733 3211 1901 3285 Dec,
1961 3218 2020 3269 et
2064 3213 2222 3287 quod
2257 3214 2460 3272 vivere
2502 3214 2563 3270 in
2602 3211 2707 3271 illo

744 3414 874 3480 (oo)
920 3413 1246 3468 Discrimen
1301 3414 1454 3468 inter
1503 3413 1722 3467 honum
1777 3416 1836 3468 in
1890 3435 2006 3489 quo
2060 3431 2190 3473 sunt
2244 3421 2488 3484 Gentes,
2552 3419 2709 3475 etin

579 3508 698 3563 quo
755 3500 888 3543 sunt
941 3490 1287 3554 Christiani,
1344 3509 1414 3543 n:
1461 3499 1629 3552 4189·
1679 3500 1847 3553 4197.
1930 3497 2015 3547 De
2067 3497 2224 3548 veris
2276 3497 2428 3567 apud
2470 3499 2708 3558 GenteS,

577 3584 654 3618 nt
700 3576 867 3627 3263.
914 3575 1079 3626 3778.
1126 3574 1294 3627 4190.
1390 3568 1558 3645 Quod
1624 3568 1907 3622 interiora
1961 3588 2078 3622 non
2134 3573 2208 3625 ita
2252 3573 2441 3626 claudi
2482 3573 2710 3644 possint

579 3642 735 3713 apud
776 3652 1006 3713 gentes,
1072 3653 1132 3695 ut
1172 3644 1324 3715 apud
1368 3644 1758 3709 ChristianOS‚
1822 3663 1890 3720 τις
1948 3654 2112 3707 9256.
2195 3648 2365 3776 quod
2407 3667 2512 3702 nec
2553 3659 2711 3702 tanta

580 3716 768 3770 nubes
811 3718 932 3770 dari
979 3730 1150 3790 queat
1190 3719 1340 3791 apud
1383 3732 1583 3792 gentes
1638 3723 1735 3793 qui
1793 3724 2106 3776 secundum
2159 3742 2224 3777 re
2253 3725 2500 3795 igiosum
2542 3742 2708 3777 suum

582 3792 643 3843 in
686 3803 880 3845 mutua
925 3795 1205 3847 charitate
1242 3796 1472 3859 vivunt,
1520 3813 1686 3868 quam
1731 3797 1883 3868 apud
1913 3799 2271 3853 Christianos
2314 3802 2411 3872 qui
2458 3801 2516 3852 in
2550 3800 2709 3853 nulla

576 3869 854 3920 charitate
881 3869 1105 3933 vivunt,
1150 3888 1373 3932 causae,
1419 3890 1486 3923 n:
1534 3881 1701 3933 1059.
1741 3882 1908 3933 9256.
1978 3875 2146 3952 Quod
2178 3878 2392 3930 Gentes
2430 3894 2546 3928 non
2574 3893 2705 3946 pos·

576 3943 692 3996 sint
713 3944 1080 4014 prophanare
1120 3957 1311 3999 sancta
1338 3948 1629 4001 Ecclesiae
1656 3961 1832 4020 prout
1855 3952 2189 4015 Christiani,
2220 3953 2353 4024 quia
2377 3970 2493 4004 non
2519 3954 2709 4005 sciunt

573 4018 707 4106 illa,
762 4037 832 4072 nt
880 4027 1047 4079 1327.
1091 4028 1259 4081 1328.
1302 4030 1471 4082 2051.
1563 4023 1723 4089 Quod
1781 4026 2019 4079 timeant
2060 4028 2421 4081 Christianos
2462 4038 2711 4100 propter

574 4103 787 4156 vitam,
852 4111 920 4145 n:
970 4102 1138 4154 2596·
1181 4104 1350 4156 2597.
1438 4100 1607 4169 Quod
1653 4100 1739 4152 illi
1784 4102 1881 4174 qui
1925 4102 2075 4155 hene
2117 4105 2430 4157 secundum
2474 4104 2707 4173 religio·

579 4187 703 4222 sum
760 4187 925 4223 suum
981 4170 1282 4234 vixerunt,
1346 4173 1712 4228 instruantur
1764 4178 1835 4230 ab
1889 4179 2160 4250 Angelis,
2224 4190 2283 4234 et
2333 4180 2507 4234 facile
2558 4179 2706 4232 reci-

577 4246 743 4315 piant
786 4264 924 4299 vera
965 4245 1135 4311 fidei,
1180 4258 1237 4301 et
1277 4262 1591 4321 agnoscant
1631 4251 1974 4318 Dominum,
2022 4273 2089 4307 n:
2134 4263 2305 4316 2049.
2338 4265 2505 4316 2595.
2535 4261 2707 4316 2598.

580 4330 753 4384 2600.
799 4331 966 4384 2601.
1014 4331 1179 4385 2503.
1224 4333 1391 4387 2661.
1438 4334 1603 4388 2863·
1652 4336 1818 4390 3263.
