3013 5114
346 419 440 473 DE
464 416 958 482 APPARENTIA,
990 415 1147 471 SITU
1172 417 1265 472 ET
1288 417 1798 475 PLURALITATE
1824 418 2317 480 INFERNORUM.
2362 431 2468 484 367

342 577 563 638 alicubi
612 575 864 635 scabrae
909 591 1093 653 rupes
1129 578 1190 635 in
1242 575 1459 652 quibus
1496 592 1829 648 cavernae,
1882 578 2103 638 alicubi
2150 582 2329 640 etiam
2372 599 2475 641 ca-

342 695 480 752 sae3
532 679 595 735 in
629 676 874 737 deserta
907 677 1060 736 haec
1095 676 1233 736 loca
1271 677 1594 754 ejiciuntur
1646 696 1721 737 ex
1761 678 2015 739 Infernis
2067 682 2167 756 qui
2204 687 2475 741 extrema

343 780 515 857 passi
555 782 726 852 sunt,
781 780 1039 836 maxime
1078 776 1166 836 illi
1202 781 1304 854 qui
1337 780 1400 836 in
1435 779 1656 838 mundo
1688 779 2000 839 moliendis
2032 787 2091 839 et
2117 780 2469 855 machinan-

343 880 438 939 dis
476 877 702 937 artibus
735 883 794 937 et
833 878 986 938 dolis
1015 881 1338 940 astutiores
1366 879 1616 955 reliquis
1653 881 1926 957 fuerunt3
1964 879 2469 943 ultimumeorum

344 984 442 1041 est
474 979 614 1038 talis
649 980 788 1037 vita.
1176 1028 1181 1037 ,
1589 986 1602 995 '

506 1079 638 1139 587
655 1124 667 1137 .
738 1078 915 1155 Quod
969 1077 1159 1139 Situm
1208 1080 1585 1142 Infernorum
1629 1083 1691 1140 in
1735 1083 1940 1157 specie
1990 1084 2235 1157 attinet,
2288 1100 2465 1143 nemo

347 1181 503 1241 scire
547 1185 779 1256 potest,
836 1197 910 1239 nc
949 1180 1189 1255 quidem
1226 1181 1445 1258 Angeli
1493 1183 1554 1239 in
1601 1167 1824 1256 Coelo,
1877 1181 1986 1241 sed
2027 1180 2206 1241 Solus
2250 1181 2465 1242 Domi-

343 1296 488 1356 nus;
521 1285 621 1339 ast
660 1279 823 1341 Situs
862 1298 1068 1340 eorum
1104 1284 1167 1340 in
1203 1285 1502 1341 communi
1536 1289 1715 1341 notus
1762 1289 1958 1341 estex
1994 1281 2197 1358 Plagis
2237 1282 2297 1340 in
2328 1284 2466 1360 qui-

344 1382 458 1441 bus
501 1388 668 1441 sunt:
722 1388 863 1442 sunt
904 1384 1058 1441 enim
1094 1382 1336 1442 Inferna
1371 1384 1527 1443 sicut
1558 1382 1728 1442 Coeli
1768 1382 2051 1441 distincta
2087 1382 2284 1458 quoad
2322 1383 2469 1442 Pla-

345 1499 486 1561 gae,
543 1499 613 1541 ac
647 1483 875 1560 Plagae
910 1485 970 1541 in
1003 1483 1224 1543 mundo
1262 1482 1563 1560 spirituali
1598 1489 1738 1542 sunt
1775 1482 2207 1543 determinatae
2244 1499 2467 1543 secun-

343 1584 484 1643 dum
519 1599 787 1657 amores,
825 1599 965 1641 nam
1001 1600 1208 1642 omnes
1243 1584 1470 1660 Plagae
1505 1586 1568 1643 in
1605 1583 1790 1644 Coelo
1826 1585 2119 1660 incipiunt
2145 1601 2182 1641 a
2209 1583 2467 1642 Domino

348 1688 420 1742 ut
454 1681 627 1757 Sole,
657 1682 805 1759 <Qui
840 1688 932 1742 est
969 1681 1215 1759 Oriens3
1272 1691 1332 1743 et
1366 1686 1509 1760 quia
1541 1684 1784 1744 Inferna
1817 1690 1960 1744 sunt
1994 1684 2277 1762 opposita
2314 1681 2471 1744 Coe-

349 1785 457 1855 lis,
514 1800 721 1842 eorum
761 1782 989 1859 Plagae
1039 1784 1331 1859 incipiunt
1380 1800 1454 1843 ex
1491 1786 1804 1860 opposito,
1858 1786 1943 1842 ita
1992 1783 2067 1842 ab
2121 1782 2466 1858 Occidente,

350 1884 426 1945 de
460 1884 555 1943 his
591 1883 869 1943 videatur
903 1885 966 1941 in
999 1883 1272 1943 Articulo
1302 1882 1376 1943 de
1415 1889 1671 1960 quatuor
1696 1883 1901 1958 Plagis
1929 1884 1989 1940 in
2018 1881 2187 1942 coelo
2214 1900 2281 1941 n:
2327 1886 2459 1941 141

346 1984 426 2044 ad
477 1985 650 2044 1532
721 1983 860 2043 inde
918 1991 1013 2043 est
1067 1983 1229 2060 quod
1279 1984 1536 2043 Infernas
1575 1984 1637 2042 in
1682 1984 1875 2059 Plaga
1929 1981 2301 2042 Occidentali
2353 1984 2475 2040 sint

347 2087 610 2147 omnium
645 2086 911 2163 pessima
951 2090 1011 2144 et
1051 2086 1310 2143 maxime
1344 2083 1681 2154 horrenda,
1736 2088 1798 2143 et
1831 2099 1903 2142 eo
1938 2082 2149 2159 pejora
2176 2087 2238 2141 et
2270 2082 2468 2140 horri-

345 2184 565 2246 biliora
601 2199 718 2262 quo
753 2187 1076 2244 remotiora
1111 2185 1187 2242 ab
1228 2183 1506 2254 Oriente,
1560 2186 1645 2243 ita
1678 2201 1789 2260 per
1819 2182 2049 2260 gradus
2088 2183 2468 2247 successive:

343 2291 484 2348 sunt
525 2288 589 2344 in
629 2285 748 2344 illis
794 2285 1050 2345 Infernis
1100 2287 1142 2343 ii
1190 2287 1293 2362 qui
1332 2287 1394 2343 in
1430 2284 1651 2345 mundo
1700 2287 1759 2343 in
1816 2301 2017 2343 amore
2069 2284 2165 2343 sui
2203 2283 2465 2358 fuerunt,

345 2402 418 2446 ac
449 2385 588 2445 inde
627 2387 689 2444 in
725 2391 1025 2446 contemtu
1064 2385 1349 2455 aliorum,
1392 2386 1571 2460 inque
1599 2385 1921 2466 ¹inimicitia
1961 2390 2170 2442 contra
2202 2382 2338 2441 illos
2367 2385 2473 2459 qui

345 2485 463 2547 sibi
496 2501 615 2542 non
649 2485 957 2556 faverunt,
1013 2492 1138 2543 tum
1173 2487 1236 2543 in
1265 2485 1400 2543 odio
1439 2489 1498 2543 et
1532 2483 1793 2542 vindicta
1829 2487 2042 2541 contra
2088 2482 2224 2540 illos
2263 2483 2366 2559 qui
2402 2497 2470 2540 se

347 2604 467 2646 non
501 2587 772 2644 venerati
803 2590 944 2644 sunt
980 2591 1041 2644 et
1078 2584 1417 2658 coluerunt3
1472 2585 1535 2641 in
1567 2584 1989 2648 ‚remotissimis
2023 2580 2108 2640 ibi
2142 2587 2312 2656 sunt,
2368 2582 2472 2658 qui

352 2702 427 2747 ex
478 2686 783 2762 Religioso
841 2683 1183 2759 CatholicO,
1251 2690 1318 2742 ut
1368 2688 1659 2752 vocatur,
1723 2683 1994 2756 fuerunt,
2050 2687 2110 2741 et
2154 2681 2474 2741 voluerunt

349 2787 435 2847 ibi
470 2787 586 2846 coli
620 2792 688 2844 ut
723 2784 833 2861 dii,
892 2790 953 2844 et
986 2784 1124 2844 inde
1156 2784 1290 2843 odio
1329 2790 1387 2845 et
1422 2783 1689 2843 vindicta
1723 2782 2053 2859 flagrarunt
2095 2787 2304 2841 contra
2339 2798 2469 2840 om-

349 2904 460 2948 nes
497 2888 599 2963 qui
646 2886 886 2945 illorum
937 2890 1301 2961 potestatem
1349 2900 1536 2960 super
1578 2885 1805 2942 animas
1843 2881 2143 2942 hominem
2191 2886 2251 2939 et
2287 2898 2475 2958 super

353 2986 634 3061 Coelum,
688 3004 831 3054 non¹
859 2994 1263 3063 agnoverunt3
1317 2984 1404 3043 illi
1457 2984 1636 3043 simili
1677 2984 1904 3057 animo,
1960 2982 2075 3042 hoc
2118 2986 2252 3056 est„
2293 2981 2475 3041 simili

351 3088 488 3149 odio
534 3093 595 3146 et
627 3087 893 3161 vindicta
925 3091 1068 3145 sunt
1109 3091 1316 3145 contra
1350 3085 1627 3160 illosuqui
1662 3101 1729 3143 se
1767 3088 2102 3160 opponunt,
2140 3083 2296 3141 sicut
2328 3082 2467 3141 fue-

349 3195 490 3247 runt
535 3189 596 3246 in
649 3188 869 3248 mundo
885 3207 902 3264 3
951 3186 1454 3264 jucundissimum
1495 3200 1700 3244 eorum
1752 3189 1844 3244 est
1883 3185 2147 3258 saevire;
2205 3181 2316 3242 sed
2357 3180 2473 3243 hoc

349 3290 606 3349 vertitur
639 3291 699 3347 in
739 3288 933 3347 altera
971 3289 1096 3346 vita
1135 3290 1195 3345 in
1229 3287 1428 3363 ipsos3
1453 3312 1456 3314 Α
1482 3302 1621 3344 nam
1659 3288 1717 3343 in
1757 3285 2014 3343 Infernis
2057 3299 2281 3356 eorum,
2334 3283 2470 3358 qui-

349 3388 466 3449 bus
501 3388 683 3466 plaga
719 3387 1105 3448 occidentalis
1132 3387 1366 3463 repleta
1402 3393 1527 3461 est,
1583 3386 1729 3444 furit
1767 3400 1921 3442 unus
1961 3385 2029 3466 in·
2058 3381 2333 3455 alterum,
2372 3382 2472 3459 qui

209 3545 214 3549 .
312 3559 315 3564 .
352 3489 473 3549 sibi
515 3488 796 3548 Divinam
828 3495 1191 3566 potestatem
1231 3487 1510 3565 derogat3
1566 3486 1674 3544 sed
1724 3484 1798 3543 de
1846 3483 1941 3542 his
1986 3482 2162 3559 plura
2204 3480 2474 3540 dicentur

349 3591 413 3647 in
461 3587 767 3664 Opusculo
823 3588 898 3648 de
948 3589 1172 3651 Ultimo
1229 3586 1472 3647 Judicio
1527 3591 1588 3645 et
1635 3584 1709 3643 de
1765 3582 2101 3659 Babylonia
2144 3581 2469 3641 destructa.

355 3687 586 3748 Verum
622 3686 916 3765 quomodo
942 3688 1185 3747 Inferna
1210 3689 1271 3746 in
1306 3686 1410 3746 illa
1449 3687 1633 3765 plaga
1659 3684 1931 3744 ordinata
1964 3687 2131 3756 sunt,
2183 3698 2303 3740 non
2330 3682 2476 3768 sciri

353 3794 581 3867 potest,
639 3787 837 3847 solum
888 3789 1047 3865 quod
1086 3789 1459 3847 atrocissima
1499 3787 1661 3846 illius
1707 3785 1948 3863 generis
1997 3784 2117 3842 sint
2162 3782 2240 3841 ad
2279 3782 2475 3843 latera

352 3905 568 3950 versus
606 3887 857 3965 Plagam
893 3888 1454 3966 septentrionalem,
1493 3889 1688 3946 minus
1731 3884 1959 3943 atrocia
1984 3899 2197 3943 versus
2222 3883 2477 3961 Plagam

352 3988 830 4066 meridionalem3
868 3991 954 4048 ita
985 3989 1349 4048 infernorum
1386 3988 1667 4047 atrocitas
1704 3986 2002 4045 decrescit
2037 4001 2075 4043 a
2109 3984 2301 4062 Plaga
2325 4000 2472 4059 sep-

352 4089 696 4149 tentrionali
747 4089 825 4148 ad
876 4087 1353 4161 meridionalem,
1425 4094 1486 4147 et
1534 4104 1772 4165 quoque
1828 4102 1937 4164 per
1991 4085 2215 4163 gradus
2256 4096 2474 4142 versus

354 4188 695 4249 Orientem:
750 4190 827 4248 ad
857 4189 1163 4251 Orientem
1198 4188 1282 4246 ibi
1326 4195 1470 4247 sunt
1506 4189 1607 4264 qui
1646 4188 1906 4246 fastuosi
1946 4186 2221 4256 fuerunt,
2261 4187 2322 4240 et
2356 4195 2478 4237 non

352 4289 737 4351 crediderunt
766 4288 1080 4366 Divinum,
1138 4288 1248 4349 sed
1288 4305 1482 4366 usque
1533 4305 1652 4347 non
1693 4288 1935 4346 fuorunt
1984 4285 2045 4341 in
2091 4281 2198 4340 tali
2241 4278 2377 4339 odio
2415 4282 2477 4337 et
