3013 5114
982 417 1077 473 DE
1120 418 1618 473 IMMENSITATE
1654 419 1879 474 COELI.
2366 434 2473 486 247

355 579 646 656 „dorum,
704 595 776 637 30
823 578 1128 639 informari
1174 579 1332 656 quod
1387 579 1596 640 Genus
1646 578 1969 638 humanum
2019 598 2136 639 non
2172 582 2366 642 solum
2403 603 2477 644 ex

351 698 521 756 „una
576 679 821 739 Tellure
872 682 979 751 sit,
1049 680 1158 741 sed
1212 698 1288 740 ex
1339 683 1686 740 innumeris.
1781 680 2095 757 Loquutus
2148 698 2281 741 sum
2341 701 2476 744 cum

353 788 642 858 „nostrae
684 780 946 840 Telluris
985 781 1315 860 Spiritibus
1353 782 1672 858 aliquoties
1721 782 1793 843 de
1841 799 1913 840 ea
1965 799 2067 861 re,
2124 788 2187 842 et
2233 783 2473 860 dictum,

353 882 565 961 „quod
599 882 776 941 homo
816 885 919 958 qui
953 883 1266 943 intellectu
1301 883 1513 960 pollet,
1550 885 1704 941 scire
1742 885 1935 960 possit
1971 899 2045 941 ex
2086 882 2288 945 multis
2327 904 2482 962 quae

356 985 571 1060 „novit
584 1027 601 1058 ,
659 982 819 1059 quod
853 983 1061 1060 plures
1111 983 1391 1043 Tellures
1437 985 1587 1054 sint,
1641 989 1701 1043 et
1747 983 1830 1043 ibi
1875 984 2146 1044 homines
2160 1005 2176 1060 3
2230 1004 2367 1045 nam
2405 1005 2480 1047 ex

359 1086 635 1160 „ratione
686 1083 962 1143 concludi
1013 1091 1247 1162 potest,
1306 1085 1463 1162 quod
1513 1091 1715 1144 tantae
1759 1084 1946 1143 moles
1961 1130 1978 1160 ,
2035 1093 2293 1161 quantae
2340 1096 2482 1147 sunt

357 1186 726 1261 „Planetae,
783 1202 1034 1261 quorum
1077 1186 1262 1262 aliqui
1300 1185 1707 1262 magnitudine
1753 1185 2050 1245 excedunt
2077 1187 2231 1247 113110
2269 1188 2479 1248 Tellu-

358 1304 566 1362 „rem‚
625 1303 744 1345 non
793 1289 909 1344 sint
953 1286 1143 1347 moles
1188 1270 1472 1359 vacuae,
1502 1292 1562 1345 et
1610 1293 1851 1347 creatae
1901 1294 1967 1344 ut
2001 1288 2175 1347 modo
2211 1288 2478 1348 ferantur

357 1394 467 1463 „et
504 1389 843 1465 spatientur
896 1391 1118 1448 circum
1169 1387 1401 1460 Solem,
1456 1405 1526 1447 ac
1562 1387 1803 1448 luceant
1851 1404 2045 1464 pauco
2096 1405 2207 1448 suo
2255 1389 2478 1448 lumine

356 1505 512 1566 „pro
565 1505 685 1547 una
729 1487 1008 1565 Tellure,
1065 1489 1173 1549 sed
1229 1489 1385 1565 quod
1438 1489 1675 1548 illorum
1736 1505 1884 1548 usus
1932 1490 2250 1565 insignior,
2303 1507 2482 1565 quam

357 1589 577 1664 „taliS,
635 1596 912 1665 oporteat
949 1607 1103 1650 esse.
1178 1589 1297 1666 Qui
1340 1589 1558 1663 credit,
1617 1593 1771 1649 sicut
1809 1591 2061 1665 quisque
2098 1590 2344 1649 credere
2373 1590 2479 1651 de-

359 1690 535 1764 „bet,
577 1690 737 1764 quod
790 1691 1073 1749 Divinum
1112 1709 1229 1751 non
1265 1693 1560 1750 creaverit
1601 1689 1960 1751 Universum
2017 1698 2264 1767 propter
2299 1692 2482 1750 alium

359 1790 619 1866 „finem,
679 1809 855 1867 quam
894 1799 961 1849 ut
1003 1792 1347 1850 Humanum
1385 1808 1576 1867 genus
1626 1794 1876 1864 existat,
1935 1797 1995 1850 et
2032 1790 2169 1850 inde
2213 1790 2480 1867 Coelum,

354 1909 539 1966 „nam
583 1890 792 1951 Genus
828 1892 1155 1951 humanum
1211 1898 1304 1950 est
1341 1893 1723 1950 seminarium
1764 1890 1959 1964 Coeli,
2016 1894 2068 1949 is
2116 1909 2231 1949 non
2280 1899 2483 1968 potest

357 2009 524 2067 „non
571 1992 851 2062 credere,
906 2010 1083 2068 quam
1141 1992 1302 2069 quod
1350 1992 1624 2052 homines
1674 1993 1822 2065 sint,
1879 1990 2220 2067 ubicunque
2276 1992 2482 2069 aliqua

355 2092 640 2168 „Tellus
726 2092 902 2170 Quod
936 2093 1261 2167 Planetae‚
1321 2095 1422 2169 qui
1478 2109 1679 2152 coram
1719 2092 1907 2151 oculis
1950 2094 2169 2151 nostris
2213 2092 2482 2154 visibiles

307 2230 316 2240 ·
356 2187 576 2272 „sunt‚
632 2196 776 2269 quia
810 2197 966 2254 intra
1001 2197 1286 2254 terminos
1324 2194 1532 2252 Mundi
1567 2193 1747 2270 hujus
1792 2193 1937 2252 solis
1949 2238 1964 2267 ,
2024 2193 2302 2254 Tellures
2340 2196 2477 2267 sint,

359 2296 720 2372 „manifeste
757 2286 897 2354 sciri
942 2302 1146 2371 potest
1191 2314 1264 2355 ex
1304 2312 1407 2365 eo,
1460 2294 1617 2370 quod
1661 2311 1913 2371 corpora
1948 2296 2250 2354 terrestris
2286 2303 2480 2354 mate·

359 2399 531 2473 „riae
570 2398 714 2469 sint,
772 2399 912 2472 quia
947 2395 1105 2456 Solis
1143 2397 1347 2456 lumen
1385 2396 1727 2470 reflectunt,
1786 2401 1846 2454 et
1881 2397 2136 2472 inspecti
2170 2413 2280 2472 per
2325 2400 2483 2455 vitra

361 2492 609 2576 „optica
674 2514 793 2556 non
852 2505 1147 2575 apparent
1203 2500 1359 2557 sicut
1410 2496 1624 2556 stellae
1684 2496 1848 2554 rutili
1909 2513 1983 2555 ex
2037 2495 2306 2572 flamma,
2373 2497 2484 2577 sed

362 2603 562 2677 „sicut
612 2606 808 2659 terrae
857 2617 932 2659 ex
981 2599 1254 2659 obscuris
1295 2601 1618 2675 variegati3
1695 2603 1816 2655 tum
1874 2615 1948 2657 ex
1997 2614 2099 2671 e0,
2167 2597 2328 2673 quod
2372 2574 2479 2672 illi,

362 2701 683 2776 „similiter
718 2718 788 2762 ac
825 2707 1031 2760 nostra
1061 2701 1303 2771 Tellus,
1345 2701 1566 2758 circum
1597 2698 1799 2759 Solem
1837 2698 2104 2756 ferantur
2132 2704 2192 2756 et
2227 2715 2480 2776 progre-

363 2803 647 2880 „diantur
686 2805 784 2861 via
820 2802 1098 2870 zodiaci,
1156 2808 1216 2860 et
1240 2800 1377 2859 inde
1415 2800 1639 2859 faciant
1666 2799 1871 2859 Annos
1911 2805 1970 2857 et
1995 2799 2154 2858 Antii
2189 2805 2482 2875 tempora,

363 2921 563 2981 „quae
615 2910 757 2962 sunt
800 2903 959 2978 Ver,
1034 2896 1283 2976 Aestas,
1367 2902 1709 2960 Autumnus
1766 2907 1825 2959 et
1878 2899 2140 2977 Hyems3
2210 2900 2484 2960 similiter

362 3004 575 3081 „quod
609 3005 831 3064 circum
868 3020 1040 3064 axem
1076 3020 1279 3078 suum,
1316 3005 1546 3079 pariter
1581 3019 1651 3060 ac
1686 3009 1892 3061 nostra
1929 3001 2157 3078 Tellus,
2194 3008 2484 3071 rotantur,

364 3112 472 3182 „et
508 3106 646 3165 inde
680 3107 901 3164 faciant
935 3106 1122 3175 DieS,
1176 3110 1236 3164 et
1273 3104 1393 3163 diei
1422 3109 1724 3180 tempora,
1780 3119 1996 3180 nempe
2037 3102 2249 3174 Mane,
2297 3102 2484 3163 Meri-

361 3207 600 3282 „diem,
658 3206 999 3283 Vesperam
1039 3212 1100 3265 et
1133 3207 1415 3281 Noctem3
1475 3216 1536 3264 et
1570 3208 1816 3280 insuper
1861 3204 2021 3280 quod
2055 3204 2239 3282 aliqui
2275 3222 2483 3263 eorum

362 3307 673 3384 „habeant
717 3307 951 3383 LunaS,
1011 3289 1163 3383 quae
1192 3314 1482 3366 vocantur
1520 3303 1859 3380 Satellites,
1917 3312 1977 3364 et
2019 3307 2243 3365 circum
2278 3303 2483 3363 orbem

366 3425 588 3485 „suum
617 3410 792 3468 statis
819 3409 1191 3484 temporibus
1218 3415 1534 3484 vagantur,
1566 3409 1722 3465 sicut
1742 3405 1915 3463 Luna
1941 3406 2163 3464 circum
2188 3412 2480 3480 nostrum3

363 3515 475 3584 „et
523 3509 683 3586 quod
724 3508 979 3569 Planeta
1031 3509 1358 3582 Saturnus,
1419 3510 1563 3585 quia
1608 3506 1954 3581 longissime
2005 3523 2043 3562 a
2084 3504 2224 3565 Sole
2282 3504 2484 3576 distat,

355 3608 636 3684 „habeat
668 3627 907 3687 quoque
942 3609 1263 3687 Cingulum
1301 3626 1580 3685 magnum
1624 3606 2005 3678 luminosum,
2036 3604 2199 3683 quod
2233 3605 2485 3664 multam

366 3709 641 3787 lucem,
712 3711 951 3770 tametsi
999 3712 1314 3781 reflexam,
1368 3709 1573 3768 telluri
1623 3707 1722 3765 isti
1771 3707 1890 3765 dat.
1997 3706 2147 3783 Quis
2203 3723 2481 3783 usquam,

360 3814 515 3890 „qui
549 3811 701 3871 haec
738 3813 930 3887 novit,
986 3820 1046 3871 et
1083 3830 1160 3871 ex
1204 3813 1436 3870 ratione
1476 3809 1726 3884 cogitat,
1759 3801 1980 3866 'dicere
2023 3814 2257 3885 potest,
2324 3808 2487 3885 quod

365 3914 562 3988 „haec
597 3916 799 3972 inania
837 3931 1091 3991 corpora
1128 3914 1265 3970 sint.
1357 3913 1617 3985 Insuper
1654 3925 1788 3967 cum
1832 3908 2156 3986 Spiritibus
2192 3910 2482 3987 loquutus

365 4030 574 4092 „surm
627 4015 789 4091 quod
834 4014 911 4073 ab
956 4013 1196 4074 homine
1234 4013 1398 4072 credi
1446 4018 1656 4088 queat,
1726 4012 1885 4088 quod
1935 4013 1993 4070 in
2041 4014 2323 4072 universo
2366 4013 2487 4070 sint

367 4113 697 4190 „Tellures
730 4116 941 4193 plures
980 4132 1160 4193 quam
1211 4132 1360 4190 una,
1416 4130 1491 4173 ex
1530 4130 1601 4172 eo
1640 4113 1799 4189 quod
1840 4111 2088 4173 Coelum
2124 4112 2485 4204 Astriferum

367 4221 539 4291 „tam
575 4216 929 4277 immensum
976 4219 1084 4286 sit,
1136 4233 1207 4274 ac
1244 4221 1332 4275 tot
1383 4214 1847 4275 innumerabiles
1884 4214 1967 4272 ibi
2008 4213 2266 4286 Stellae,
2333 4198 2484 4288 qna-

366 4334 548 4391 „rum
586 4321 960 4396 unaquacvis
998 4322 1056 4377 111
1094 4333 1203 4377 suo
1244 4318 1378 4381 loco
1428 4332 1541 4376 seu
1582 4317 1643 4374 in
1679 4332 1789 4376 suo
1826 4313 2045 4375 mundo
2084 4319 2178 4372 est
2223 4311 2354 4387 Sol,
2414 4327 2483 4369 ac
