3013 5114
410 372 1111 430 CORRESPONDENTIA
1151 373 1365 429 COELI
1405 373 1553 429 CUM
1596 374 1907 431 OMNIBUS
1948 374 2315 431 TELLURIS.
2397 386 2467 438 59

346 542 407 596 et
441 534 578 595 inde
611 540 736 608 est,
777 533 938 610 quod
979 536 1041 592 in
1080 532 1287 594 Verbo
1324 536 1501 594 toties
1536 536 1914 596 nominentur
1949 534 2216 606 arboreS,
2253 543 2315 596 et
2346 536 2467 596 illis

343 636 630 705 Coelum,
691 633 997 707 Ecclesia,
1062 640 1125 693 et
1173 634 1370 694 Homo
1421 644 1842 711 comparatur‚·
1899 642 1967 695 ut
2014 636 2172 710 Viti,
2252 636 2461 712 Oleae‚

342 736 538 799 Cedro
551 780 570 812 ‚
630 743 691 795 et
735 735 902 810 aliis;
958 752 1029 794 ac
1075 735 1234 795 bona
1287 754 1441 812 quae
1478 737 1706 796 faciunt
1739 738 2047 797 fructibus
2115 737 2247 797 Cibi
2284 740 2464 797 etiam

342 840 446 915 qui
482 855 558 896 ex
603 836 752 906 illis,
806 838 1098 912 imprimis
1138 838 1240 912 qui
1287 854 1362 895 ex
1411 837 1740 897 seminibus
1777 841 1993 898 messis
2034 840 2191 915 agri,
2254 855 2460 898 corre-

338 937 640 1015 spondent
688 936 1099 995 affectionibus
1136 937 1277 995 boni
1322 943 1384 996 et
1424 940 1587 1006 veri,
1656 956 1730 997 ex
1780 955 1965 998 causa
2012 941 2151 1016 quia
2193 941 2463 998 nutriunt

336 1041 525 1098 vitam
561 1035 968 1114 spiritualem,
1026 1039 1182 1096 sicut
1219 1037 1335 1096 cibi
1370 1044 1693 1099 terrestres
1729 1041 2063 1099 naturalem
2094 1034 2207 1120 (o).
2276 1041 2461 1099 Panis

338 1139 478 1198 inde
521 1140 580 1197 in
618 1154 840 1215 genere
889 1137 1323 1214 correspondet
1371 1139 1672 1198 affectioni
1724 1143 1913 1200 omnis
1959 1140 2130 1213 boni,
2186 1142 2327 1217 quia
2360 1139 2464 1199 ille

338 1257 489 1317 prae
530 1240 787 1299 caeteris
843 1244 1145 1297 sustentat
1178 1241 1397 1309 vitam,
1444 1246 1506 1299 et
1560 1243 1702 1316 quia
1745 1224 1856 1318 per
1907 1242 2077 1301 illum
2112 1240 2464 1316 intelligitur

339 1343 531 1400 omnis
561 1339 780 1399 Cibus:
835 1345 1086 1416 propter
1120 1339 1286 1399 illam
1324 1343 1917 1418 correspondentiam
1961 1344 2140 1402 etiam
2167 1342 2463 1399 Dominus

339 1458 407 1501 se
443 1446 623 1500 vocat
662 1441 892 1499 Panem
926 1441 1120 1499 vitae:
1180 1447 1240 1498 et
1281 1458 1519 1517 quoque
1554 1450 1803 1520 propter
1828 1443 1994 1502 illam
2019 1443 2220 1502 Panes
2247 1445 2309 1501 in
2343 1457 2461 1500 usu

340 1548 548 1601 sancto
585 1541 828 1599 fuerunt
861 1543 924 1599 in
959 1539 1237 1600 Ecclesia
1259 1540 1627 1618 IsraiSIitica‚
1668 1544 2048 1620 ponebantur
2084 1545 2240 1602 enim
2275 1559 2462 1618 super

335 1642 552 1702 Mensa
599 1643 659 1699 in
715 1640 1164 1716 Tabernaculo,
1238 1648 1298 1700 et
1349 1642 1720 1703 vocabantur
1771 1645 1970 1704 Panes
2023 1646 2344 1703 facierum:
2401 1648 2462 1701 et
2501 1704 2512 1717 „

338 1759 582 1823 quoque
621 1744 810 1801 omnis
849 1741 1060 1800 Cultus
1097 1741 1383 1812 Divinus,
1441 1748 1544 1819 qui
1579 1762 1690 1820 per
1728 1743 2037 1804 Sacrificia
2072 1750 2133 1803 et
2167 1744 2456 1802 holocau-

338 1850 437 1902 sta
472 1841 683 1917 fiebat,
738 1842 1048 1901 dicebatur
1090 1843 1307 1900 Panis:
1361 1850 1610 1918 propter
1648 1843 1811 1902 illam
1858 1843 2461 1920 correspondentiam

337 1945 519 2003 etiam
577 1944 1017 2001 sanctissimum
1065 1941 1278 2000 Cultus
1315 1944 1375 1999 in
1416 1942 1696 2002 Ecclesia
1737 1943 2078 2004 Christiana
2132 1949 2225 2000 est
2270 1941 2459 2001 Sacra

339 2043 561 2113 Coena,
596 2046 657 2101 in
696 2059 816 2119 qua
852 2042 1027 2099 datur
1064 2042 1246 2100 Panis
1286 2049 1346 2101 et
1382 2042 1603 2101 Vinum
1636 2041 1746 2125 (p).
1802 2045 1891 2102 Ex
1925 2045 2018 2103 his
2056 2044 2270 2120 paucis
2307 2058 2457 2100 con-

334 2152 497 2203 stare
542 2149 773 2220 potest,
812 2141 1006 2219 qualis
1045 2149 1139 2201 est
1176 2144 1726 2220 correspondentia.

498 2265 654 2321 112.
712 2262 1024 2338 Quomodo
1063 2264 1398 2341 conjunctio
1444 2264 1599 2324 coeli
1650 2281 1786 2322 cum
1821 2264 2039 2322 mundo
2087 2280 2199 2339 per
2254 2278 2457 2320 corre-

336 2363 728 2441 spondentias
777 2362 872 2437 fit,
932 2348 1382 2440 etiauiapaucis
1444 2364 1703 2423 dicetur:
1757 2363 2029 2440 Regnum
2078 2363 2319 2421 Domini
2369 2367 2464 2420 est

334 2464 608 2541 Regnum
653 2462 853 2522 finium
897 2466 998 2538 qui
1044 2469 1186 2521 sunt
1224 2480 1402 2539 usus,
1458 2481 1572 2523 seu
1615 2464 1775 2540 quod
1813 2464 1999 2537 idem,
2034 2469 2151 2545 ‘est
2184 2462 2457 2536 Regnum

335 2583 557 2625 usuum
599 2567 703 2640 qui
737 2570 877 2622 sunt
916 2563 1104 2624 fines:
1159 2565 1294 2623 ideo
1333 2583 1375 2622 a
1407 2564 1629 2625 Divino
1666 2564 2028 2625 Universum
2074 2566 2160 2621 ita
2195 2567 2460 2620 creatum

337 2673 398 2727 et
443 2666 761 2725 format-um
801 2672 926 2734 est,
991 2671 1058 2724 ut
1106 2680 1254 2724 usus
1310 2664 1508 2723 ubivis
1553 2666 1792 2740 possint
1838 2665 2005 2723 indui
2043 2661 2297 2731 talibus,
2346 2677 2459 2735 per

338 2783 498 2843 quac
546 2769 837 2825 sistantur
880 2769 941 2824 in
991 2771 1130 2825 actu
1187 2782 1298 2824 seu
1344 2767 1406 2823 in
1455 2764 1700 2840 effectu,
1756 2767 1816 2822 in
1864 2763 2047 2823 Coelo
2096 2751 2354 2839 primum
2400 2767 2460 2818 et

337 2868 476 2927 dein
516 2868 575 2925 in
611 2864 866 2938 mundo,
901 2868 987 2924 ita
1021 2883 1134 2942 per
1160 2866 1383 2943 gradus
1422 2873 1483 2925 et
1518 2868 1867 2924 successive
1908 2882 2101 2941 usque
2137 2862 2215 2921 ad
2249 2861 2459 2920 ultima

332 2974 622 3025 naturae:
678 2966 817 3025 inde
858 2973 1055 3043 patet,
1125 2966 1284 3043 quod
1341 2965 1871 3042 correspondentia
1909 2964 2273 3024 naturalium
2323 2979 2460 3022 cum
2501 2997 2510 3005 -

332 3067 781 3145 spiritualibuS,
838 3083 948 3126 seu
999 3067 1203 3125 mundi
1245 3085 1382 3125 cum
1427 3067 1629 3139 coele,
1676 3069 1755 3125 sit
1800 3084 1912 3144 per
1947 3082 2125 3138 usne,
2189 3072 2248 3123 et
2297 3061 2456 3139 quod

333 3184 482 3227 usus
525 3169 916 3244 conjungant3
975 3173 1036 3227 et
1080 3166 1237 3242 quod
1290 3168 1551 3237 formae,
1602 3166 1821 3244 quibus
1871 3166 2062 3224 induti
2109 3170 2250 3224 sunt
2282 3178 2449 3235 usuS,

542 3321 759 3330 ....>..ae-„-..

486 3417 578 3482 (ο)
635 3417 799 3482 Quod
860 3411 991 3469 Cibi
1048 3434 1114 3469 ex
1166 3414 1690 3487 correspondentia
1744 3415 2072 3487 significent
2122 3412 2257 3465 talia
2309 3429 2456 3482 quae

328 3493 597 3546 nutriunt
636 3494 814 3545 vitam
859 3492 1257 3563 spiritualem,
1314 3509 1381 3543 n:
1428 3499 1599 3552 3114.
1644 3498 1814 3555 4459.
1859 3498 2029 3550 4792.
2069 3496 2238 3549 4976.
2283 3495 2452 3547 5147.

333 3577 500 3706 ἓξὲξ·
540 3576 711 3705 ἓξὲξ·
754 3576 926 3705 333}
973 3576 1141 3629 5410.
1201 3576 1367 3629 5426.
1426 3574 1594 3627 5576.
1640 3575 1806 3627 5582·
1853 3573 2018 3626 5588·
2065 3571 2231 3624 5656·
2276 3571 2443 3624 5915·

487 3749 580 3819 (p)
626 3746 795 3812 Quod
836 3744 1008 3797 Panis
1050 3744 1337 3815 significet
1377 3760 1550 3796 omne
1595 3742 1814 3795 bonum
1852 3725 2009 3815 quod
2056 3739 2242 3794 nutrit
2281 3739 2455 3792 vitam

333 3823 695 3896 spiritualem
742 3821 1028 3884 hominis,
1091 3838 1159 3873 n:
1206 3828 1377 3880 2165.
1412 3828 1584 3879 2177.
1634 3826 1805 3880 3478.
1853 3825 2024 3878 3735.
2070 3824 2237 3878 3813.
2286 3823 2456 3876 4211.

333 3908 505 3962 4217.
547 3907 718 3960 4735·
752 3906 921 3960 4976·
967 3904 1136 3956 9323.
1181 3903 1347 3957 9545·
1393 3904 1601 3956 10686.
1707 3893 1874 3960 Quod
1930 3893 2118 3947 simile
2174 3892 2457 3964 significa-

329 3976 527 4029 verint
567 3976 771 4040 Panes‚
814 3973 916 4045 qui
958 3989 1144 4044 super·
1175 3989 1369 4025 mensa
1405 3972 1464 4025 in
1491 3971 1920 4037 Tuber-noculo,
1962 3988 2032 4023 n:
2078 3977 2247 4031 3478.
2288 3974 2457 4028 9545.

327 4050 504 4179 3uod
546 4050 829 4104 sacrificia
873 4048 932 4102 in
974 4064 1196 4137 genere·
1230 4046 1381 4101 dicta
1423 4047 1648 4102 fuerint
1680 4047 1873 4110 Ρεηίε,
1917 4064 1986 4099 nt
2031 4053 2218 4134 2165..
2287 4041 2458 4132 Quod

377 4126 501 4179 anis
545 4126 808 4200 ingolvat
862 4141 1093 4177 omnem
1146 4122 1376 4188 cibum,
1440 4121 1511 4191 n}:
1567 4131 1737 4184 2165.
1818 4124 1903 4176 lta
1959 4123 2116 4194 quod
2175 4118 2460 4192 significet

328 4219 560 4264 omnem
613 4201 810 4255 cibum
864 4200 1178 4254 coelestem
1233 4211 1290 4252 et
1343 4197 1738 4270 spiritualem,
1803 4217 1871 4251 n:
1928 4206 2062 4257 276.
2109 4205 2240 4257 680.
2283 4202 2454 4254 2165.

328 4287 501 4339 2177.
547 4286 715 4340 3478.
759 4284 927 4339 6118.
972 4283 1141 4338 8410.
