3013 5114
2346 408 2454 461 335

1332 578 1376 632 D
1394 576 1436 631 E

936 707 1840 800 INFERNO.

631 918 886 1019 Quod
955 886 1398 992 Dum-inus
1450 938 1711 1019 regat
1761 919 2145 992 Inferna.

489 1066 647 1128 536.
719 1064 950 1144 Supra,
1008 1067 1110 1124 ubi
1144 1065 1219 1125 de
1260 1066 1443 1127 Coelo
1482 1073 1681 1127 actum
1721 1074 1844 1143 est,
1898 1066 2095 1127 ubivis
2146 1073 2453 1129 ostensum

321 1176 444 1244 est,
520 1167 679 1244 quod
733 1167 1033 1226 Dominus
1086 1169 1164 1226 sit
1221 1168 1391 1227 Deus
1446 1167 1641 1244 Coeli,
1709 1171 1772 1227 in
1824 1169 2033 1245 specie
2081 1188 2148 1229 n:
2206 1172 2241 1228 2
2280 1170 2356 1228 ad
2391 1174 2451 1246 6,

318 1273 408 1329 ita
447 1269 610 1345 quod
658 1286 832 1337 omne
877 1270 1146 1345 regimen
1199 1269 1504 1328 coelorum
1552 1271 1633 1328 sit
1678 1271 1953 1344 Domini3
2022 1277 2084 1329 et
2136 1272 2276 1346 quia
2314 1270 2453 1330 talis

320 1352 414 1431 est
448 1377 771 1447 respectus
809 1368 964 1429 coeli
1000 1369 1078 1426 ad
1114 1369 1437 1446 infernum,
1496 1387 1567 1429 ao
1604 1370 1819 1430 inferni
1855 1369 1933 1428 ad
1967 1370 2202 1430 eoelum
2221 1414 2239 1445 ,
2293 1373 2452 1431 sieut

318 1474 479 1531 inter
527 1471 645 1530 duo
696 1474 1006 1555 opposita,
1076 1488 1233 1547 quae
1288 1458 1497 1531 eontra
1536 1488 1605 1530 se
1646 1477 1852 1530 mutuo
1893 1476 2107 1548 agunt,
2174 1488 2250 1530 ex
2297 1489 2452 1549 quo-

319 1591 454 1632 rum
490 1573 727 1631 actione
765 1578 826 1631 et
878 1573 1189 1633 reactione
1242 1570 1499 1653 resultat
1535 1571 1984 1648 aequilibrium,
2048 1574 2108 1630 in
2145 1589 2263 1648 quo
2297 1568 2447 1631 sub·

321 1675 542 1733 sistant
579 1674 808 1746 omnia,
878 1689 1064 1749 quare
1117 1678 1181 1730 ut
1216 1675 1415 1731 omnia
1462 1679 1523 1731 et
1579 1672 1817 1750 singula
1851 1674 1913 1731 in
1950 1671 2306 1749 aequilibrio
2351 1677 2446 1732 te-

319 1779 593 1845 neantur,
635 1789 954 1835 necessum
991 1778 1085 1832 est
1111 1778 1177 1830 ut
1212 1774 1316 1848 qui
1350 1775 1508 1849 regit
1535 1791 1716 1832 unum
1746 1775 1927 1832 etiam
1953 1779 2126 1849 regat
2162 1773 2446 1847 alterum3

318 1892 459 1933 nam
508 1875 622 1933 nisi
672 1873 832 1933 idem
881 1874 1177 1932 Dominus
1233 1874 1543 1933 coe’rceret
1600 1872 1861 1931 insultus
1915 1874 1992 1932 ab
2046 1874 2325 1942 inferniS,
2391 1878 2453 1932 et

321 1980 734 2051 compesceret
770 1976 1036 2035 insanias
1062 1973 1177 2048 ibi,
1215 1975 1443 2051 periret
1481 1960 1932 2049 aequilibrium,
1970 1978 2029 2032 et
2065 1990 2198 2033 cum
2237 1971 2449 2048 aequi-

319 2076 499 2136 librio
533 2082 741 2136 totum.

479 2198 639 2256 537.
718 2194 842 2255 Sed
903 2195 1000 2254 hic
1059 2197 1316 2272 primum
1364 2194 1594 2273 aliquid
1655 2195 1730 2255 de
1778 2193 2135 2272 aequilibrio
2186 2196 2449 2272 dicetur;

316 2302 523 2357 notum
561 2303 690 2367 est,
743 2296 902 2372 quod
950 2315 1081 2355 cum
1121 2296 1238 2355 duo
1289 2304 1498 2356 contra
1546 2313 1616 2357 se
1666 2303 1877 2355 mutuo
1928 2303 2142 2374 agunt,
2208 2303 2270 2358 et
2316 2314 2453 2356 cum

316 2414 473 2455 unus
512 2404 743 2456 tantum
777 2399 973 2472 reagit
1012 2413 1083 2455 ac
1123 2399 1351 2454 resistIt
1393 2402 1687 2472 quantum
1725 2395 1878 2455 alter
1915 2400 2039 2472 agit
2075 2405 2135 2455 et
2173 2397 2444 2472 impellit,

320 2498 565 2573 utrique
599 2497 770 2555 nulla
815 2496 910 2553 vis
957 2498 1061 2570 sit,
1139 2498 1281 2572 quia
1326 2494 1538 2554 similis
1580 2497 1853 2574 potentia
1896 2497 2174 2573 utrinque
2213 2502 2334 2567 est,
2388 2501 2451 2554 et

324 2597 486 2673 quod
513 2604 655 2657 tune
691 2604 946 2673 uterque
972 2598 1166 2672 possit
1200 2613 1237 2653 a
1271 2597 1447 2655 tertio
1488 2598 1591 2671 agi
1618 2596 1696 2654 ad
1720 2594 2005 2673 lubitum3
2043 2614 2181 2654 nam
2210 2596 2450 2674 quando

318 2697 488 2757 nulla
522 2700 614 2757 vis
652 2695 889 2756 duobus
940 2702 1034 2755 est
1085 2714 1160 2753 ex
1219 2696 1460 2772 aequali
1509 2698 1924 2774 oppositione,
1974 2699 2068 2756 vis
2116 2698 2276 2756 tertii
2323 2699 2450 2775 agit

319 2815 527 2874 omne,
585 2797 646 2859 et
681 2805 803 2857 tam
839 2793 1016 2856 facile
1052 2797 1211 2855 sicut
1248 2795 1416 2855 nulla
1448 2798 1751 2874 oppositio
1797 2797 1971 2859 foret.
2043 2796 2195 2857 Tale
2232 2800 2444 2874 aequi-

315 2898 557 2959 librium
612 2905 707 2959 est
761 2900 918 2957 inter
960 2896 1268 2956 Internum
1315 2905 1374 2956 et
1420 2896 1708 2975 Coelum3
1776 2903 1874 2957 ast
1917 2914 2040 2958 non
2091 2905 2185 2958 est
2229 2900 2444 2975 aequi-

315 2999 557 3060 librium
606 3002 760 3060 sicut
794 3001 951 3060 inter
986 2997 1133 3072 duo,
1189 3000 1290 3074 qui
1324 3006 1597 3076 pugnant
1636 3015 1926 3077 corpore,
1978 3016 2231 3075 quorum
2266 3000 2445 3059 unius

319 3232 475 3285 omni
520 3248 703 3303 opere
744 3241 801 3284 et
842 3231 900 3282 in
943 3230 1100 3283 omni
1142 3230 1462 3294 functione,
1505 3244 1577 3285 n:
1621 3238 1788 3292 8120.
1835 3239 2004 3292 8121.
2049 3239 2220 3291 8122.
2276 3229 2444 3296 Quod

318 3308 580 3362 Charitas
621 3324 757 3379 erga
798 3308 1124 3379 proximum
1169 3325 1228 3360 se
1272 3306 1540 3361 extendat
1579 3307 1650 3361 ad
1701 3310 1893 3360 omnia
1936 3318 1992 3360 et
2033 3307 2255 3378 singula
2298 3323 2444 3379 quae

314 3385 491 3437 homo
532 3384 778 3455 cogitat,
842 3384 998 3447 vult,
1064 3393 1120 3436 et
1164 3382 1332 3442 facit,
1395 3401 1469 3439 n:
1524 3391 1695 3443 8124.
1777 3382 1949 3459 Quod
1986 3382 2107 3436 vita
2147 3382 2444 3435 charitatis

318 3460 392 3512 sit
430 3459 548 3512 vita
590 3457 904 3513 secundum
956 3469 1265 3530 praecepta
1316 3458 1583 3522 Domini,
1651 3476 1719 3510 n:
1778 3465 1948 3519 3249.
2029 3457 2201 3536 Quod
2242 3457 2445 3511 vivere

316 3534 631 3592 seeundum
672 3545 981 3605 praecepta
1025 3535 1292 3598 Domini,
1354 3535 1430 3586 sit
1481 3550 1675 3587 amare
1716 3532 2059 3595 Dominum,
2116 3550 2185 3586 n:
2232 3540 2439 3594 10143.

322 3617 527 3671 10153.
572 3617 778 3669 10310.
823 3616 1028 3670 10578.
1072 3615 1281 3670 10645.
1364 3607 1529 3673 Quod
1586 3609 1836 3680 genuina
1890 3608 2140 3662 charitas
2192 3626 2312 3661 non
2366 3609 2444 3663 sit

317 3684 653 3749 meritoria,
718 3685 852 3756 quia
908 3694 993 3736 est
1043 3682 1109 3737 ex
1151 3684 1460 3737 affectione
1504 3685 1823 3748 interiore,
1893 3695 1952 3739 et
1990 3683 2126 3737 inde
2163 3684 2442 3753 jucunde,

317 3779 389 3816 n:
433 3769 609 3822 2340.
660 3763 826 3820 2373·
871 3766 1039 3820 2400.
1086 3767 1255 3820 3887.
1302 3768 1450 3820 6388
1492 3758 1565 3812 ad
1608 3768 1778 3820 6393.
1874 3760 2045 3837 Quod
2099 3761 2270 3813 homo
2315 3761 2445 3814 talis

316 3848 547 3898 maneat·
582 3846 715 3909 post
758 3845 1022 3899 mortem,
1067 3836 1253 3908 qualis
1295 3836 1417 3903 ejus
1460 3836 1578 3889 vita
1615 3836 1910 3889 charitatis
1954 3836 2062 3889 fuit
2107 3837 2164 3889 in
2206 3835 2444 3902 mundo,

318 3933 388 3967 n:
434 3922 603 3974 8256.
689 3912 862 3991 Quod
901 3911 1201 3965 beatitudo
1246 3913 1517 3966 coelestis
1561 3912 1759 3965 influat
1798 3929 1829 3965 a
1868 3913 2118 3966 Domino
2162 3913 2223 3965 in
2262 3913 2447 3968 ehari-

316 3990 453 4044 tatis
506 3990 714 4052 vitam,
778 4005 859 4043 na
900 3995 1073 4049 2363.
1208 3987 1325 4042 uod
1379 4006 1550 4041 nemo
1595 3989 1652 4041 in
1695 3989 1919 4043 coelum
1963 3988 2300 4044 admittatur
2338 4006 2450 4061 per

318 4066 506 4119 solum
549 4064 839 4136 cogitare,
884 4065 981 4118 sed
1025 4066 1170 4118 simu
1238 4082 1343 4135 per
1382 4065 1535 4118 velle
1562 4076 1620 4118 et
1652 4063 1845 4119 facere
1869 4065 2110 4130 bonum,
2155 4083 2226 4118 n:
2270 4072 2444 4125 2401.

319 4149 485 4203 3459.
568 4140 689 4192 Nisi
730 4140 925 4195 facere
966 4141 1183 4194 bonum
1225 4141 1298 4194 sit
1339 4141 1712 4210 conjunctum
1756 4160 1886 4194 eum
1930 4142 2082 4196 velle
2123 4141 2345 4194 bonum
2387 4149 2448 4193 et

315 4236 447 4271 cum
488 4217 745 4288 cogitare
786 4216 1025 4282 bonum,
1069 4235 1185 4270 non
1227 4222 1314 4271 est
1355 4218 1618 4282 salvatio,
1664 4235 1767 4271 nec
1809 4216 2147 4286 conjunctio
2192 4215 2444 4270 hominis

317 4293 532 4348 interni
564 4308 705 4371 ⁴oum
748 4303 1019 4358 extet-nn,
1074 4311 1140 4346 n:
1188 4301 1357 4354 3987.
