3013 5114
547 416 660 467 ‘250
1163 402 1262 457 DE
1307 399 1541 456 COELO
1583 399 1677 455 ΕΤ
1716 398 2046 454 INFERNO.

546 565 647 626 vel
687 564 971 623 darentur
1016 561 1225 639 plures
1260 561 1562 639 myriades
1600 559 1941 634 Tellurum,
1999 563 2061 617 et
2107 560 2169 615 in
2211 554 2479 634 qualibet
2524 554 2674 615 Tel-

545 666 680 726 lure
737 669 904 723 tanta
966 663 1285 722 multitudo
1330 663 1665 736 hominum,
1723 665 1946 737 quanta
1999 661 2061 717 in
2111 666 2359 732 nostra,
2425 655 2500 716 de
2554 674 2679 733 qua

547 784 613 827 re
663 767 840 826 etiam
892 763 1169 823 videatur
1228 767 1290 822 in
1352 763 1663 841 Opusculo
1729 761 1804 820 de
1863 760 2209 820 Telluribus
2263 763 2325 819 in
2378 757 2676 820 Universo

545 885 618 927 n:
671 867 832 926 168.

707 968 872 1025 420.
957 965 1134 1041 Quod
1188 966 1436 1025 Coelum
1492 983 1610 1024 non
1667 966 2018 1023 immensum
2070 963 2174 1035 sit,
2244 962 2353 1022 sed
2405 979 2677 1038 parvum,

551 1070 868 1145 opinantur
909 1066 1148 1143 quidam
1189 1084 1266 1126 ex
1301 1066 1605 1144 aliquibus
1647 1066 1796 1125 locis
1834 1067 1892 1122 in
1929 1063 2133 1123 Verbo
2171 1063 2501 1123 secundum
2537 1078 2679 1120 sen-

555 1186 686 1228 sum
733 1169 863 1244 ejus
902 1167 1114 1226 literae
1162 1167 1510 1241 intellectis,
1567 1174 1633 1225 ut
1684 1185 1753 1225 ex
1805 1166 1922 1224 illis
1975 1165 2080 1224 ubi
2124 1165 2366 1235 dicitur,
2423 1163 2583 1239 quod
2618 1165 2681 1220 in

555 1268 806 1330 Coelum
841 1269 1016 1327 modo
1054 1285 1356 1345 pauperes
1394 1270 1791 1345 recipiantur3
1848 1274 1971 1325 tum
2009 1267 2166 1342 quod
2204 1283 2319 1324 non
2357 1267 2471 1324 nisi
2501 1281 2682 1341 quam

557 1370 760 1444 electi3
818 1375 877 1427 et
919 1369 1077 1444 quod
1126 1368 1318 1428 solum
1357 1373 1458 1444 qui
1495 1372 1651 1427 intra
1684 1367 2039 1440 Ecclesiam,
2091 1375 2150 1428 et
2185 1384 2301 1426 non
2339 1368 2441 1443 qui
2478 1371 2678 1438 extra3

556 1470 716 1546 quod
742 1468 935 1528 solum
965 1469 1079 1543 illi,
1126 1486 1234 1544 pro
1272 1470 1485 1544 quibus
1516 1470 1808 1528 Dominus
1846 1469 2191 1544 intercedit3
2245 1467 2405 1544 quod
2434 1465 2684 1525 Coelum

555 1569 908 1629 occludatur
944 1587 1078 1628 cum
1112 1569 1425 1645 impletum
1464 1577 1588 1646 est,
1647 1577 1707 1630 et
1756 1570 1915 1645 quod
1965 1570 2079 1628 hoc
2117 1578 2353 1645 tempus
2391 1566 2679 1643 praefini-

553 1678 679 1728 tum
714 1672 821 1728 sit:
878 1671 986 1729 sed
1023 1669 1109 1729 illi
1144 1689 1261 1729 non
1311 1674 1535 1747 sciunt,
1596 1670 1756 1747 quod
1808 1670 2055 1730 Coelum
2094 1687 2395 1747 nusquam
2430 1668 2683 1727 clauda-

555 1779 681 1845 tur,
740 1777 798 1829 et
835 1772 992 1846 quod
1031 1789 1148 1828 non
1190 1774 1267 1829 sit
1304 1773 1551 1849 aliquod
1589 1780 1825 1848 tempus
1862 1772 2271 1847 praefinitum,
2327 1787 2438 1828 nec
2475 1767 2683 1827 multi-

558 1871 701 1931 tudo
740 1871 983 1930 definita
996 1891 1012 1947 3
1071 1880 1129 1931 et
1169 1874 1328 1948 quod
1361 1874 1555 1932 Electi
1592 1874 1867 1932 dicantur
1904 1875 2007 1948 qui
2040 1875 2101 1931 in
2136 1875 2261 1930 vita
2294 1871 2434 1929 boni
2464 1877 2522 1927 et
2556 1872 2688 1929 veri

556 1981 696 2033 sunt
727 1969 879 2054 (aa);
938 1980 999 2032 et
1035 1974 1196 2049 quod
1223 1975 1535 2050 Pauperes
1575 1977 1674 2050 qui
1710 1991 1827 2032 non
1867 1975 1925 2031 in
1965 1972 2401 2050 cognitionibus
2444 1971 2586 2028 boni
2622 1976 2686 2030 et

553 2076 682 2131 veri
720 2081 891 2142 sunt,
946 2080 1006 2132 et
1042 2091 1235 2149 usque
1275 2075 1615 2134 desiderant
1652 2075 1822 2147 illaS,
1881 2074 1943 2131 hi
1981 2091 2216 2150 quoque
2268 2091 2341 2132 ex
2381 2071 2680 2130 desiderio

554 2172 658 2231 illo
704 2179 993 2230 vocantur
1032 2176 1365 2231 esurientes
1395 2172 1546 2255 (bb).
1636 2174 1755 2250 Qui
1790 2175 1863 2233 de
1901 2178 2205 2251 parvitate
2248 2173 2418 2233 Coeli
2455 2189 2530 2231 ex
2564 2190 2687 2231 non

556 2271 862 2331 intellecto
901 2271 1104 2330 Verbo
1143 2276 1477 2349 opinionem
1519 2283 1839 2352 ceperunt,
1895 2293 2008 2335 nec
2059 2277 2258 2334 sciunt
2294 2274 2469 2333 aliter
2506 2291 2684 2349 quam

561 2372 719 2450 quod
757 2371 1003 2431 Coelum
1048 2376 1125 2432 sit
1175 2377 1234 2432 in
1284 2393 1400 2433 uno
1438 2375 1600 2451 loco,
1659 2376 1761 2434 ubi
1798 2374 2142 2435 Conventus
2197 2378 2488 2444 omnium,
2550 2390 2689 2433 cum

554 2480 757 2532 tamen
810 2473 1058 2534 Coelum
1111 2494 1184 2535 ex
1235 2479 1560 2536 innumeris
1615 2476 2014 2538 Societatibus
2053 2478 2356 2546 consistit,
2410 2474 2691 2533 videatur

557 2593 746 2652 supra
782 2594 851 2635 n:
896 2580 979 2635 41
1021 2578 1098 2636 ad
1135 2581 1250 2653 503
1310 2586 1368 2638 et
1406 2597 1646 2657 quoque
1685 2597 1801 2637 non
1841 2583 2039 2639 sciunt
2076 2580 2269 2648 aliter,
2307 2595 2483 2654 quam
2526 2577 2688 2652 quod

558 2676 808 2738 Coelum
853 2681 932 2737 sit
993 2682 1286 2738 unicuivis
1327 2697 1395 2739 ex
1433 2681 1776 2741 immediata
1812 2681 2250 2751 Misericordia,
2306 2686 2365 2739 et
2399 2681 2487 2738 sic
2526 2678 2690 2756 quod

558 2765 757 2836 solum
794 2781 871 2836 sit
909 2781 1269 2838 intromissio
1309 2788 1368 2838 et
1414 2786 1686 2859 receptio
1720 2800 1792 2841 ex
1830 2781 2239 2858 beneplacit03
2295 2797 2407 2840 nec
2454 2779 2684 2840 intelli-

559 2883 737 2954 gunt,
790 2879 949 2954 quod
985 2880 1278 2939 Dominus
1318 2898 1391 2939 ex
1427 2882 1842 2941 Misericordia
1884 2884 2064 2942 ducat
2093 2883 2550 2958 unumquemvis
2587 2880 2693 2958 qui

558 2979 774 3052 recipit
805 2977 1036 3054 Ipsum,
1079 2987 1139 3038 et
1186 2981 1344 3056 quod
1392 2984 1443 3039 is
1498 2986 1749 3059 recipiat
1792 2983 1999 3060 Ipsum
2038 2987 2138 3063 qui
2175 2985 2322 3044 vivit
2357 2981 2692 3042 secundum

558 3076 728 3154 leges
772 3078 1013 3139 Ordinis
1051 3082 1272 3155 Divini,
1314 3100 1469 3157 quae
1509 3092 1649 3142 sunt
1683 3094 2017 3162 praecepta
2060 3088 2279 3145 amoris
2322 3089 2383 3143 et
2415 3082 2583 3158 fidei,
2627 3088 2691 3142 et

562 3180 724 3253 quod
772 3179 910 3238 duci
954 3182 1037 3239 ita
1091 3199 1128 3238 a
1172 3181 1461 3252 Domino,
1535 3184 1609 3243 ab
1663 3184 1913 3244 infantia
1964 3187 2043 3245 ad
2091 3186 2366 3245 ultimum
2418 3187 2580 3244 vitae
2626 3186 2691 3243 in

715 3384 835 3449 (aa)
882 3382 1068 3435 Electi
1115 3381 1273 3455 quod
1316 3383 1430 3436 sint
1472 3383 1572 3456 qui
1617 3383 1674 3435 in
1717 3383 1835 3437 vita
1876 3384 2017 3438 boni
2074 3396 2132 3440 et
2174 3387 2331 3452 veri,
2394 3404 2458 3438 n:
2516 3393 2690 3447 3755.

560 3470 728 3523 3900.
818 3459 980 3526 Quod
1025 3477 1144 3512 non
1189 3459 1262 3511 sit
1304 3461 1515 3513 electio
1560 3471 1616 3514 et
1657 3461 1920 3532 receptio
1965 3463 2021 3514 in
2066 3463 2309 3516 Coelum
2353 3481 2419 3516 ex
2459 3462 2690 3516 Miseri·

562 3538 797 3601 cordia,
843 3537 993 3590 sicut
1036 3535 1415 3609 intelligitur,
1460 3536 1561 3590 sed
1603 3537 1917 3591 secundum
1960 3539 2157 3603 vitam,
2200 3558 2267 3592 n:
2315 3547 2481 3599 5057.
2517 3547 2690 3600 5058.

564 3615 730 3679 Quod
776 3613 1190 3667 Misericordia
1232 3614 1467 3679 Domini
1515 3614 1842 3669 immediata
1885 3632 2003 3667 non
2044 3615 2233 3681 detur,
2278 3615 2376 3669 sed
2418 3615 2688 3680 mediata,

559 3691 671 3744 hoc
714 3699 832 3753 est,
891 3689 1006 3742 illis
1049 3690 1145 3763 qui
1190 3690 1398 3744 vivunt
1439 3690 1752 3744 secundum
1797 3702 2104 3763 praecepta
2148 3692 2368 3763 lpsim,
2431 3710 2579 3764 quos
2622 3710 2691 3745 ex

561 3765 971 3819 Misericordia
1014 3764 1173 3819 ducit
1212 3768 1489 3821 continue
1533 3768 1592 3819 in
1633 3767 1884 3833 mundo,
1930 3773 1986 3821 e‘t
2024 3778 2224 3840 postea
2270 3768 2327 3820 in
2367 3779 2688 3832 aeternum,

562 3859 633 3894 nt
677 3848 880 3900 10659.
927 3848 1093 3901 8700·

716 3914 850 3982 (bb)
896 3914 1060 3981 Quod
1103 3935 1211 3988 per
1253 3919 1546 3989 Pauperes
1590 3920 1648 3970 in
1693 3920 1894 3974 Verbo
1937 3920 2336 3992 intelligantur
2377 3919 2476 3992 qui
2520 3918 2690 3990 spiri-

565 3990 807 4045 tualiter
844 3986 1134 4061 'pauperes
1177 4002 1340 4055 sunt,
1387 3994 1485 4066 qui
1530 4005 1662 4047 sunt
1702 3996 1801 4068 qui
1847 3996 1904 4048 in
1947 3996 2272 4068 ignorantia
2300 3997 2459 4061 veri,
2504 4006 2563 4049 et
2600 4013 2691 4048 us-

567 4083 680 4139 que
722 4064 1056 4119 desiderant
1095 4067 1338 4130 instrui,
1402 4085 1471 4119 n:
1539 4077 1707 4130 9209.
1753 4079 1920 4132 9253.
1965 4080 2174 4132 10227.
2257 4071 2426 4138 Quod
2465 4071 2535 4125 de
2578 4071 2696 4125 illis

563 4143 794 4196 dicatur
837 4142 1062 4195 esurire
1104 4152 1161 4195 et
1203 4142 1400 4208 sitire,
1446 4144 1605 4215 quod
1647 4156 1735 4199 est
1773 4147 2111 4203 desiderare
2142 4149 2508 4221 cognitiones
2548 4147 2695 4201 honi

567 4229 626 4273 et
665 4219 814 4283 veri,
858 4235 966 4291 per
1000 4235 1142 4290 quas
1170 4218 1531 4273 introductio
1576 4222 1635 4273 in
1665 4223 1978 4278 Ecclesiam
2020 4236 2077 4280 et
2119 4226 2381 4290 Coelum,
2423 4243 2480 4278 n:
2525 4231 2695 4286 4958.
