3013 5114
546 437 656 489 2613
1158 421 1251 475 DE
1291 418 1530 475 COELO
1573 417 1665 472 ET
1704 415 2043 475 INFERNO.

548 585 936 663 sapientiam:
1019 582 1149 640 sive
1200 579 1364 639 dicas
1418 577 1770 638 facultatem
1821 574 2152 654 recipiendi
2210 573 2665 651 intelligentiam

547 694 609 747 et
644 685 1033 762 sapientiam,
1080 682 1211 741 sive
1259 681 1424 741 dicas
1467 678 1814 740 facultatem
1852 676 2178 754 recipiendi
2214 675 2466 749 coelum,
2503 674 2665 734 idem

548 792 673 861 est;
729 792 797 843 ut
834 790 1111 843 constare
1149 789 1351 859 potest
1378 799 1450 840 ex
1485 780 1606 840 illis
1640 796 1794 855 quae
1833 785 2078 837 ostensa
2113 783 2263 836 sunt
2291 776 2366 836 de
2403 776 2565 835 Luce
2604 781 2667 836 et

548 886 763 948 Calore
802 884 988 958 Coeli,
1041 895 1111 942 n:
1167 885 1303 942 126
1349 881 1427 940 ad
1475 883 1648 941 140:
1705 879 1778 939 de
1814 880 2033 939 Forma
2069 877 2235 938 Coeli
2285 896 2354 936 n:
2401 879 2541 936 200
2587 875 2669 935 ad

553 990 730 1047 212:
782 986 855 1045 de
897 983 1210 1061 Sapientia
1246 982 1612 1060 Angelorum
1661 1000 1733 1040 n:
1792 982 1928 1040 265
1964 980 2040 1038 ad
2073 983 2156 1038 27
2175 981 2247 1055 53
2310 983 2371 1038 et
2406 981 2467 1036 in
2502 978 2673 1037 Arti-

548 1088 721 1159 cu10,
774 1086 933 1164 quod
971 1084 1218 1145 Coelum
1266 1083 1465 1161 quoad
1499 1085 1750 1142 sormam
1787 1099 1957 1140 suam
1997 1083 2058 1139 in
2114 1086 2236 1139 toto
2288 1087 2347 1138 et
2395 1080 2455 1137 in
2491 1085 2671 1156 parte

488 1171 494 1175 ’
547 1190 774 1250 referat
809 1189 1136 1258 hominem,
1190 1204 1256 1244 n:
1306 1187 1389 1246 59
1423 1185 1499 1243 ad
1537 1189 1620 1244 77
1645 1204 1662 1260 3
1731 1190 1791 1242 et
1834 1183 1948 1242 hoc
1999 1200 2071 1240 ex
2120 1181 2344 1239 Divino
2389 1180 2671 1239 Humano

549 1291 818 1362 Domini,
874 1307 948 1348 ex
991 1287 1125 1364 Quo
1165 1285 1413 1346 Coelum
1452 1293 1513 1346 et
1551 1286 1685 1362 ejus
1721 1285 1938 1357 forma,
1972 1301 2040 1342 n:
2087 1285 2174 1342 78
2207 1282 2284 1340 ad
2317 1283 2428 1340 86.

703 1409 866 1470 455.
917 1409 1086 1468 Haec
1122 1425 1278 1485 quae
1329 1423 1484 1464 nunc
1536 1406 1695 1464 dicta
1730 1411 1888 1475 sunt,
1926 1402 2236 1462 rationalis
2272 1402 2449 1460 homo
2485 1401 2669 1461 intel-

548 1512 739 1588 ligere
787 1516 1020 1586 potest,
1073 1527 1207 1566 nam
1260 1507 1462 1566 videre
1505 1514 1710 1583 potest
1760 1523 1834 1564 ex
1882 1521 2199 1563 causarum
2243 1521 2429 1577 nexu,
2486 1510 2547 1562 et
2595 1521 2676 1562 cx

549 1614 711 1671 veris
739 1613 799 1668 in
835 1626 945 1668 suo
976 1609 1181 1667 ordine
1194 1629 1208 1683 3
1265 1608 1374 1666 sed
1407 1608 1586 1667 homo
1624 1609 1726 1685 qui
1758 1624 1875 1663 non
1910 1603 2219 1664 rationalis
2258 1611 2380 1676 est,
2419 1602 2525 1662 illa
2551 1621 2674 1663 non

549 1711 859 1787 intelligit:
914 1708 1072 1786 quod
1108 1727 1223 1768 non
1250 1709 1578 1786 intelligat,
1635 1714 1774 1766 sunt
1800 1706 2010 1783 plures
2036 1722 2288 1781 causae3
2343 1707 2678 1781 praecipua

552 1821 645 1872 est
689 1811 850 1889 quod
884 1828 1003 1869 non
1049 1809 1223 1884 velit,
1297 1813 1437 1886 quia
1475 1815 1617 1869 sunt
1661 1814 1869 1867 contra
1910 1808 2042 1884 ejus
2087 1806 2274 1876 falsa,
2327 1822 2481 1882 quae
2530 1806 2678 1865 feeit

549 1931 665 1974 sua
705 1930 851 1972 vera
864 1932 881 1989 3
939 1919 1000 1972 et
1033 1914 1135 1989 qui
1170 1912 1306 1970 ideo
1341 1929 1459 1970 non
1497 1910 1628 1971 vult
1668 1908 2032 1985 intelligere,
2084 1906 2188 1966 ille
2225 1905 2479 1966 occlusit
2513 1907 2677 1964 viam

552 2015 708 2075 coeli
758 2013 834 2071 ad
878 2031 1053 2072 suum
1103 2012 1427 2081 rationale,
1492 2010 1651 2087 quod
1696 2018 1896 2069 tamen
1938 2025 2131 2086 usque
2184 2009 2405 2083 aperiri
2451 2013 2678 2083 potest,

549 2116 727 2176 modo
778 2112 1056 2172 voluntas
1106 2129 1221 2170 non
1270 2114 1548 2185 resistat,
1608 2110 1883 2170 videatur
1930 2125 2116 2186 supra
2157 2127 2224 2168 n:
2269 2111 2445 2168 424:
2514 2107 2680 2185 quod

547 2216 725 2273 homo
761 2214 957 2289 possit
994 2210 1340 2287 intelligere
1385 2229 1565 2285 vera,
1626 2218 1685 2269 et
1718 2210 2026 2285 rationalis
2074 2226 2245 2282 esse,
2298 2209 2472 2269 modo
2508 2208 2676 2282 velit,

549 2315 667 2374 hoc
728 2311 871 2370 mihi
923 2330 1036 2389 per
1089 2311 1338 2370 multam
1379 2314 1814 2389 'experientiam
1876 2318 2183 2371 ostensum
2238 2315 2363 2378 est;
2432 2313 2682 2387 saepius

548 2414 690 2475 mali
727 2414 996 2490 spiritus,
1035 2415 1136 2488 qui
1171 2412 1546 2472 irrationales
1584 2412 1725 2471 facti
1752 2418 1892 2472 sunt
1923 2429 2037 2489 per
2070 2412 2132 2470 id
2170 2411 2332 2489 quod
2359 2414 2419 2470 in
2454 2409 2678 2470 mundo

549 2515 906 2594 negaverint
950 2514 1235 2576 Divinum
1286 2521 1347 2574 et
1389 2531 1536 2574 vera
1569 2513 1914 2589 Ecclesiae,
1984 2520 2043 2573 et
2083 2529 2150 2572 sc
2199 2512 2681 2573 confirmaverint

549 2624 757 2679 contra
785 2615 920 2690 illa,
984 2620 1041 2675 vi
1078 2616 1301 2675 Divina
1343 2618 1619 2675 conversi
1652 2622 1794 2674 sunt
1831 2614 1908 2673 ad
1950 2614 2086 2673 illos
2126 2615 2232 2691 qui
2275 2615 2338 2672 in
2371 2615 2509 2674 luce
2546 2616 2680 2673 veri

552 2726 755 2792 erant,
814 2724 873 2776 et.
920 2726 1058 2777 tunc
1100 2716 1684 2794 comprehenderunt
1721 2717 1918 2774 omnia
1957 2717 2114 2774 sicut
2157 2715 2394 2791 Angeli,
2445 2724 2505 2774 et
2530 2715 2683 2773 fassi

550 2827 691 2879 sunt
725 2816 883 2893 quod
918 2835 1065 2876 vera
1108 2820 1257 2892 sint,
1316 2826 1375 2877 et
1414 2835 1651 2894 quoque
1696 2817 1855 2893 quod
1893 2818 2093 2875 omnia
2133 2815 2679 2893 comprehendant3

555 2920 667 2979 scd
704 2920 1026 2994 utprimum
1054 2917 1277 2993 relapsi
1313 2930 1453 2976 sunt
1492 2920 1554 2976 in
1593 2935 1694 2991 se,
1756 2925 1816 2977 et
1856 2918 2129 2977 conversi
2162 2917 2241 2975 ad
2284 2934 2549 2976 amorem
2578 2918 2685 2993 qui

550 3018 881 3077 voluntatis
922 3035 1157 3089 eorum,
1198 3017 1346 3075 nihil
1373 3018 1970 3094 comprehenderunt,
2015 3023 2076 3077 et
2111 3021 2408 3077 contraria
2444 3018 2686 3094 loquuti

551 3125 727 3177 sunt:
783 3116 983 3174 audivi
1021 3119 1203 3175 etiam
1244 3118 1537 3195 quosdam
1564 3119 1886 3179 infernales
1925 3119 2227 3193 dicenteS,
2280 3120 2443 3196 quod
2483 3120 2683 3178 sciant

555 3227 617 3279 et
663 3219 1000 3295 percipiant
1050 3219 1210 3293 quod
1253 3218 1474 3277 malum
1522 3222 1600 3278 sit
1645 3219 1806 3297 quod
1842 3221 2097 3294 faciunt,
2156 3227 2217 3279 et
2264 3221 2425 3298 quod
2459 3219 2684 3280 falsum

555 3322 636 3380 sit
670 3318 835 3397 quod
872 3321 1170 3396 cogitant,
1222 3320 1331 3379 sed
1368 3320 1527 3395 quod
1570 3339 1688 3380 non
1724 3328 2008 3380 resistere
2045 3324 2282 3398 possint
2323 3324 2421 3381 sui
2458 3324 2682 3381 amoris

546 3422 853 3500 jucundo,
901 3422 985 3479 ita
1031 3420 1353 3494 voluntati,
1422 3428 1481 3481 et
1517 3421 1679 3499 quod
1712 3421 1864 3481 haec
1912 3422 2066 3481 ferat
2105 3424 2370 3500 cogitata
2412 3439 2556 3498 sua,
2611 3431 2683 3482 ut

554 3523 775 3583 malum
831 3523 1076 3582 videant
1124 3524 1282 3582 sicut
1327 3522 1580 3598 bonum,
1650 3540 1721 3583 ac
1769 3518 1999 3582 falsum‘
2036 3524 2194 3582 sicut
2239 3542 2477 3584 verum.-
2540 3522 2683 3583 inde

552 3626 778 3701 patuit,
837 3623 993 3700 quod
1034 3623 1122 3681 illi
1163 3626 1265 3700 qui
1300 3625 1362 3683 in
1397 3624 1567 3685 falsis
1617 3631 1758 3685 sunt
1794 3641 1870 3683 ex
1904 3622 2061 3682 malo
2105 3628 2413 3701 potuerint
2451 3623 2678 3684 intelli-

555 3741 733 3800 gere,
797 3724 1049 3801 proinde
1096 3725 1422 3785 rationales
1479 3742 1648 3801 esse,
1704 3724 1816 3785 sed
1853 3723 2014 3800 quod
2060 3743 2180 3784 non
2231 3726 2531 3786 voluerint
2544 3746 2561 3802 ;
2618 3733 2684 3784 et

557 3825 719 3900 quod
755 3840 872 3881 non
922 3824 1220 3883 voluerint
1257 3834 1424 3885 esset
1463 3844 1682 3896 causa,
1756 3828 1896 3902 quia
1935 3808 2290 3886 amaverunt
2326 3827 2483 3885 salsa
2530 3842 2683 3904 prae

554 3925 713 3982 veris
735 3967 752 3997 ,
824 3926 1102 3999 quoniam
1158 3925 1607 3986 concordabant
1659 3944 1791 3986 cum
1852 3926 2026 3985 malis
2079 3929 2138 3984 in
2204 3927 2420 4003 quibus
2477 3933 2680 3986 erant:

560 4173 731 4227 9706.
769 4172 973 4226 10156·
1012 4172 1219 4227 10472.
1301 4132 1495 4243 Quod,
1514 4177 1791 4239 quantum
1832 4170 2006 4223 homo
2048 4170 2197 4225 vivit
2238 4170 2550 4224 secundum
2583 4170 2683 4223 Di-

558 4243 761 4298 vinum
803 4241 1100 4306 ordinem,
1162 4252 1385 4297 tantum
1425 4242 1485 4295 in
1521 4243 1705 4298 altera
1751 4244 1868 4299 vita
1918 4258 2198 4320 appareat
2236 4258 2300 4301 ut
2338 4248 2511 4300 homo
2550 4264 2681 4319 per-

463 4399 466 4402 d
554 4320 739 4374 fectus
770 4329 825 4375 ct
864 4318 1122 4391 pulcher,
1168 4337 1235 4373 n:
1282 4327 1449 4382 4839,
1492 4327 1661 4382 6605.
1706 4328 1871 4382 6626.
