3013 5114
561 420 668 470 2232
1175 406 1268 460 nr.
1313 403 1557 461 como
1601 403 1694 457 ET
1733 401 2068 457 mmmm.

561 568 636 627 ad
679 570 850 640 3283
906 566 1099 641 doque
1138 564 1473 623 Infantibus
1512 567 1569 622 in
1616 563 1832 636 Coe10,
1883 582 1955 622 n:
2002 565 2140 622 329
2174 561 2248 620 ad
2283 561 2444 634 345,
2487 566 2701 620 aetum

561 676 684 744 θείς
742 675 799 724 et
834 666 947 725 hoc
1003 666 1160 740 quod
1213 666 1289 723 ad
1326 664 1575 742 gradum
1617 665 1944 723 affectionis
1982 663 2123 721 boni
2162 671 2222 722 et
2255 666 2417 731 veri,
2469 664 2530 720 in
2568 678 2703 738 qua

557 770 798 830 fuerunt
840 770 898 824 in
942 768 1192 836 mund0‚
1244 773 1304 826 ot
1339 785 1456 825 non
1493 767 1654 826 ultra
1688 765 1853 824 illum
1869 810 1886 841 ‚
1942 783 2012 823 n:
2058 767 2221 824 349.

558 935 810 1033 Quod
877 935 1133 1007 homo
1190 947 1307 1005 sit
1357 952 1569 1033 post
1632 952 2042 1020 mortem,
2126 933 2434 1030 qualis
2490 933 2695 1030 ejus

1131 1038 1317 1106 vita
1370 1037 1547 1106 fuit
1601 1037 1692 1105 in
1755 1035 2102 1105 mundo.

716 1173 879 1229 470.
940 1170 1116 1246 Quod
1151 1173 1278 1229 vita
1315 1174 1771 1245 unumquemvis
1810 1187 1922 1229 sua
1961 1175 2201 1227 maneat
2235 1174 2374 1244 post
2410 1175 2693 1243 mortem,

559 1280 766 1331 notum
817 1278 910 1330 est
948 1273 1135 1329 cuivis
1176 1271 1514 1330 Christiano
1553 1288 1626 1328 ex
1664 1271 1899 1336 Verbo,
1936 1289 2070 1328 nam
2102 1270 2182 1327 ibi
2220 1269 2420 1327 multis
2449 1270 2508 1326 in
2540 1268 2695 1328 locis

561 1374 805 1442 dicitur,
859 1372 1020 1452 quod
1058 1372 1234 1429 homo
1272 1371 1604 1430 seeundum
1649 1373 1807 1430 sacta
1855 1379 1915 1431 et
1951 1389 2137 1449 opera
2163 1369 2567 1446 judicabitur,
2631 1376 2699 1430 et

564 1477 618 1533 ei
659 1472 1049 1545 retribuetur3
1108 1475 1361 1548 quisque
1418 1475 1593 1530 etiam
1650 1475 1753 1554 qui
1794 1490 1865 1529 ex
1917 1473 2072 1530 bono
2124 1479 2183 1529 et
2232 1488 2304 1530 ex
2358 1473 2491 1547 ipso
2542 1489 2697 1530 vero

566 1576 819 1649 cogitat,
855 1590 971 1631 non
1009 1574 1170 1630 videt
1205 1573 1379 1631 aliter
1408 1591 1585 1648 quam
1627 1573 1782 1649 quod
1823 1576 1921 1649 qui
1955 1574 2109 1631 bene
2142 1573 2305 1640 vivit,
2341 1573 2400 1629 in
2439 1570 2701 1631 Coolum

558 1677 796 1744 veniat,
852 1682 912 1731 et
949 1677 1051 1749 qui
1086 1673 1241 1732 male
1279 1677 1336 1731 in
1373 1675 1706 1749 Infernum3
1764 1682 1826 1732 at
1860 1691 2005 1732 vero
2046 1676 2143 1750 qui
2183 1676 2243 1730 in
2280 1671 2436 1730 malo
2482 1679 2594 1746 est,
2637 1675 2694 1731 is

560 1794 679 1833 non
720 1775 964 1833 credere
1002 1775 1149 1838 vult,
1192 1776 1349 1850 quod
1377 1783 1571 1835 status
1612 1777 1742 1852 ejus
1779 1783 1918 1852 post
1961 1783 2210 1833 mortem
2246 1776 2325 1833 sit
2359 1773 2699 1831 secundum

556 1879 741 1935 vitam
794 1877 925 1954 ejus
984 1879 1043 1934 in
1083 1877 1333 1951 mund0,
1407 1877 1515 1935 sed
1565 1880 1814 1952 cogitat,
1884 1877 2041 1952 quod
2088 1876 2155 1934 fit
2207 1875 2495 1951 imprimis
2551 1891 2695 1933 cum

561 1985 860 2054 aegrotat,
918 1978 1075 2054 quod
1141 1977 1389 2037 Coelum
1443 1980 1518 2034 sit
1562 1980 1748 2036 cuivis
1790 1995 1861 2035 ex
1897 1996 2050 2053 pura
2090 1975 2534 2044 Misericordia,
2585 1981 2697 2033 ut-

557 2096 789 2155 cunque
844 2081 1109 2152 vixerat,
1169 2088 1227 2136 et
1276 2079 1433 2155 quod
1488 2081 1564 2136 sit
1616 2079 1946 2138 secundum
1993 2079 2174 2137 fidem
2214 2092 2390 2154 quam
2442 2064 2697 2153 soporat

557 2196 595 2234 a
631 2180 773 2236 vita.

711 2281 873 2334 471.
949 2277 1126 2352 Quod
1182 2279 1358 2336 homo
1405 2280 1732 2337 secundum
1778 2281 1936 2338 facta
1979 2288 2037 2339 ot
2092 2296 2276 2357 opera
2320 2277 2697 2356 judicabitur

557 2384 617 2436 et
666 2380 721 2436 ei
776 2379 1175 2451 retribuetur,
1235 2379 1435 2437 multis
1474 2381 1532 2437 in
1582 2381 1729 2440 locis
1768 2383 1829 2439 in
1883 2381 2088 2440 Verbo
2136 2381 2380 2452 dicitur,
2437 2396 2696 2456 quorum

552 2471 756 2555 aliquo
795 2479 888 2538 hie
927 2479 1225 2539 adducere
1265 2480 1460 2553 velim,
1506 2526 1543 2555 „
1569 2480 1888 2542 Venturas
1915 2490 2010 2543 est
2044 2480 2270 2542 Filius
2304 2478 2583 2541 hominis
2619 2480 2695 2541 in

550 2578 769 2660 yloria
811 2580 1045 2643 Patris
1096 2582 1205 2642 sui
1249 2601 1392 2642 oum
1428 2582 1704 2663 Anyelis
1747 2585 1917 2660 suis,
1971 2592 2030 2644 et
2076 2590 2226 2645 tuno
2265 2580 2488 2645 reddet
2533 2582 2689 2643 uni-

552 2683 774 2761 cuique
828 2682 1172 2743 seeundum
1227 2702 1418 2763 opera
1477 2689 1668 2755 sua,“
1726 2682 1950 2744 Matth:
2004 2686 2190 2746 XVI:
2236 2690 2349 2743 27.
2436 2682 2699 2758 „Beati

552 2783 820 2855 mortui,
887 2783 999 2861 qui
1042 2784 1113 2841 in
1169 2783 1459 2844 Domino
1510 2786 1918 2859 moriuntum
1989 2786 2117 2846 imo
2176 2785 2338 2846 dicit
2391 2783 2700 2863 spiritus,

553 2891 627 2943 ut
677 2884 1075 2960 requiescant
1109 2903 1190 2942 ea:
1235 2881 1560 2945 laboribus
1596 2887 1739 2946 suis
1755 2932 1772 2961 ,
1816 2906 2006 2967 opera
2048 2885 2313 2948 illorum
2342 2891 2696 2964 sequuntur

555 2981 776 3054 illos,“
837 2987 1038 3058 Apoc:
1083 2984 1267 3041 XIV:
1318 2989 1420 3045 13.
1498 2986 1697 3067 „Eyo
1746 2987 1907 3047 dabo
1955 2988 2292 3067 unicuique
2340 2986 2694 3047 secundum

556 3102 749 3161 opera
781 3086 967 3151 sua,“
1009 3085 1199 3159 Apocz
1228 3085 1309 3142 II:
1348 3090 1457 3145 23.
1519 3132 1555 3161 „
1581 3086 1739 3148 Vidi
1765 3097 2046 3149 mortuos
2060 3108 2304 3167 parvos
2331 3094 2390 3147 et
2414 3105 2697 3168 maynoo

480 3255 516 3269 m
552 3189 795 3243 stantes
831 3202 1044 3244 coram
1078 3183 1224 3243 Deo
1244 3229 1258 3255 ,
1316 3190 1377 3244 et
1425 3184 1579 3247 libri
1611 3190 1821 3267 aperti
1855 3195 2034 3262 sunt,
2100 3197 2161 3251 et
2202 3188 2494 3272 judicati
2537 3193 2694 3249 sunt

554 3286 796 3346 ‘mortui
814 3285 1022 3368 juxta
1058 3304 1133 3345 ea
1165 3305 1325 3364 quae
1360 3287 1606 3367 scripta
1650 3288 1721 3347 in
1755 3287 1958 3365 libris,
2003 3291 2348 3351 seeundum
2383 3309 2573 3370 opera
2599 3288 2690 3350 il-

558 3384 800 3449 lorum:
855 3386 1035 3449 dedit
1067 3406 1245 3448 mare
1294 3406 1397 3448 eos
1451 3388 1568 3467 qui
1625 3390 1695 3449 in
1742 3408 1809 3449 eo
1857 3392 2099 3453 mortui
2159 3398 2340 3466 sunt,
2402 3410 2479 3458 ao
2511 3409 2693 3452 mors

554 3495 615 3549 et
649 3491 943 3570 infernus
984 3487 1162 3550 dedit
1204 3487 1357 3549 illos
1395 3490 1508 3569 qui
1543 3490 1613 3550 in
1648 3490 1775 3563 ii3;
1829 3500 1889 3553 et
1905 3492 2200 3575 judicati
2237 3498 2388 3554 sunt
2423 3490 2691 3571 quilibet

556 3590 904 3653 secundum
932 3609 1125 3671 opera
1150 3587 1479 3665 illorum,“
1523 3585 1710 3669 Apoc:
1749 3579 1893 3653 XX‘:
1938 3595 2114 3672 [12]
2157 3597 2263 3653 13.
2305 3596 2412 3653 15.
2475 3593 2692 3669 „Ecce

556 3691 765 3765 venio,
827 3699 887 3752 et
919 3710 1154 3752 meroes
1191 3711 1329 3753 mea
1365 3691 1650 3763 Mecum,
1686 3699 1758 3754 ut
1794 3693 1935 3755 dem
1972 3694 2309 3774 unicuique
2342 3694 2692 3756 secundum

556 3810 745 3869 opera
813 3791 1017 3873 eju3‚“
1073 3793 1275 3870 Apoc:
1329 3794 1556 3881 ΧΧΙΙ]
1618 3799 1725 3854 12.
1820 3795 2097 3870 „Omni-s·
2147 3796 2261 3875 qui
2302 3797 2495 3857 audit
2545 3814 2690 3855 mea

555 3891 740 3951 verba
777 3896 836 3949 et
859 3892 1035 3971 facit
1084 3912 1188 3967 ea,
1245 3896 1619 3973 comparabo
1660 3883 1801 3958 viro
1832 3896 2171 3975 prudenti,
2228 3903 2298 3980 at
2334 3897 2543 3958 omnis
2575 3897 2692 3976 qui

555 3988 748 4051 audit
783 3991 966 4051 verba
1002 4010 1141 4051 mea
1175 4000 1234 4051 et
1266 4011 1391 4052 non
1412 3994 1592 4072 facit
1630 4014 1706 4055 ea
1720 4040 1738 4072 ,
1795 4002 2206 4078 comparatur
2239 3999 2378 4059 viro
2414 3995 2689 4073 stulto,“

556 4090 778 4150 Matth:
828 4091 979 4149 VII:
1043 4094 1152 4149 24.
1191 4094 1301 4150 26.
1393 4093 1593 4167 „Non
1621 4098 1829 4157 omnio
1865 4098 2080 4159 dicens
2119 4097 2325 4174 Mihi,
2380 4097 2690 4174 Domine,

552 4191 866 4265 Domine,
931 4190 1200 4252 intrabit
1236 4192 1307 4251 in
1353 4192 1657 4273 Reynum
1705 4194 2068 4275 Coelorum,
2125 4199 2241 4260 sed
2282 4199 2540 4281 jaciens
2578 4218 2689 4259 vo—

554 4290 863 4355 luntatem
899 4291 1128 4354 Patris
1162 4293 1289 4353 mei
1321 4294 1433 4374 qui
1466 4302 1563 4357 est
1598 4296 1666 4357 in
1716 4295 1924 4361 Ooelis
1946 4323 1966 4359 .·
2029 4298 2225 4363 multi
2263 4300 2471 4363 dicent
2512 4299 2691 4361 Mihi
