3013 5114
909 389 1004 444 DE
1048 388 1455 448 scmp'sums
1494 390 1567 445 IN
1610 391 1868 450 cosm.
1941 364 1946 369 ’
2067 403 2071 409 ·
2245 356 2248 359 ’
2332 404 2437 457 135

325 554 478 626 rint3
544 548 969 610 concluserunt
1014 551 1075 609 id
1112 568 1188 611 ex
1226 569 1328 627 eo,
1381 552 1542 629 quod
1581 552 1941 635 quandoque
1991 553 2303 614 obvenerit
2350 559 2437 617 eis

329 654 509 730 quasi
553 651 888 710 recordatio
932 670 1162 727 rerum,
1229 669 1378 728 quas
1433 659 1635 711 tamen
1674 669 1972 728 nusquam
2010 653 2289 714 viderunt
2332 664 2439 716 aut

331 753 727 829 audiverunt3
797 753 911 811 hoc
962 753 1186 813 sactum
1233 761 1348 828 est,
1412 756 1555 830 quia
1603 755 1849 830 spiritus
1890 772 1961 815 ex
1998 772 2111 814 sua
2155 759 2440 864 memoria

329 858 392 913 in
438 854 609 913 ideas
662 855 1040 930 cogitationis
1081 871 1285 913 eorum
1330 855 1706 913 influxerunt.

322 964 325 965 ’
492 955 654 1014 257.
727 953 880 1014 Sunt
916 957 1095 1014 etiam
1137 953 1426 1032 Spiritus,
1480 955 1581 1030 qui
1622 961 1914 1015 vocantur
1955 954 2217 1035 Spiritus
2254 966 2434 1017 natu-

330 1056 494 1116 rales
532 1060 595 1115 et
627 1056 937 1131 corporei,
996 1055 1084 1114 illi
1112 1073 1248 1114 cum
1275 1056 1351 1114 ad
1385 1056 1684 1115 hominem
1710 1057 1985 1131 veniunt,
2032 1074 2152 1116 non
2186 1059 2436 1136 conjun-

332 1163 482 1234 gunt
508 1172 573 1215 se
606 1173 740 1214 cum
773 1158 1135 1232 cogitatione
1163 1158 1296 1235 ejus
1332 1159 1488 1215 sicut
1523 1157 1626 1215 alii
1656 1158 1923 1235 spiritus,
1976 1156 2085 1217 sed
2118 1160 2339 1217 intrant
2377 1161 2439 1218 in

331 1274 552 1334 corpus
596 1257 728 1332 ejus
740 1301 758 1331 ‚
816 1263 877 1315 et
917 1264 1212 1333 occupant
1258 1274 1464 1317 omnes
1519 1259 1650 1335 ejus
1696 1274 1945 1333 senem,
2000 1275 2070 1317 ac
2115 1259 2439 1335 loquuntur

331 1377 445 1436 per
471 1375 537 1416 os
568 1358 719 1434 ejuS,
764 1363 826 1417 et
856 1363 1041 1435 agunt
1066 1376 1178 1434 per
1211 1358 1478 1418 membra
1506 1359 1657 1436 ejus,
1710 1364 1849 1417 tunc
1874 1376 1996 1419 non
2030 1359 2206 1417 aliter
2230 1361 2436 1419 scien-

330 1467 425 1519 tes
440 1504 458 1534 ,
532 1474 713 1535 quam
758 1459 918 1534 quod
972 1461 1168 1517 omnia
1201 1459 1456 1518 hominis
1498 1476 1613 1518 sua
1650 1462 1802 1541 sint:
1869 1460 1958 1519 illi
2004 1465 2145 1519 sunt
2187 1460 2434 1537 spiritus

332 1561 438 1637 qui
479 1557 758 1618 obsident
793 1559 1123 1636 hominem3
1177 1561 1287 1620 sed
1327 1561 1388 1618 hi
1424 1578 1462 1618 a
1488 1560 1747 1620 Domino
1788 1562 2043 1640 conjecti
2080 1562 2305 1620 suntin
2338 1563 2434 1620 in-

328 1661 597 1731 fernum,
659 1665 719 1719 et
766 1662 853 1720 sic
895 1677 1144 1738 prorsus
1181 1663 1420 1745 remoti3
1482 1660 1640 1721 unde
1690 1662 1843 1723 tales
1881 1662 2266 1722 obsessiones
2319 1678 2436 1721 non

328 1761 506 1822 hodie
546 1760 762 1820 dantur
808 1759 956 1843 (xx).
2297 1759 2323 1781 ⁴

815 1932 938 2000 De
1007 1919 1551 2029 Scripturis'
1596 1930 1683 1999 in
1758 1929 2051 2001 Coelo.

489 2067 651 2126 258.
723 2064 882 2140 Quia
914 2064 1164 2141 Angelis
1217 2070 1311 2123 est
1357 2063 1629 2140 loquela,
1696 2069 1758 2124 et
1795 2061 2038 2140 loquela
2089 2080 2297 2124 eorum
2345 2070 2439 2125 est

329 2165 577 2241 loquela
626 2182 873 2242 vocum;
938 2166 1076 2225 ideo
1125 2165 1244 2224 illis
1298 2182 1537 2242 quoque
1587 2164 1934 2242 Scripturae
1986 2170 2153 2241 sunt,
2218 2174 2281 2224 et
2325 2182 2436 2242 per

331 2266 674 2343 Scripturas
730 2258 1069 2341 exprimunt
1110 2268 1290 2325 animi
1338 2269 1435 2325 sui
1477 2283 1659 2326 sensa
1703 2283 1897 2345 aeque
1947 2283 2019 2326 ac
2066 2284 2177 2343 per
2217 2265 2432 2343 loque-

328 2367 484 2427 lam:
550 2367 865 2443 aliquoties
897 2367 1037 2425 mihi
1075 2369 1295 2427 missae
1337 2373 1475 2426 sunt
1508 2368 1750 2426 chartae
1789 2372 2071 2425 exaratae
2106 2367 2437 2442 scripturis,

329 2485 582 2546 prorsus
632 2469 788 2526 sicut
840 2467 1083 2526 chartae
1134 2486 1312 2525 manu
1363 2469 1625 2544 scriptae
1679 2472 1741 2525 et
1788 2482 2025 2543 quoque
2074 2468 2231 2524 sicut
2278 2469 2438 2542 typis

329 2570 616 2646 vulgatae
643 2572 704 2627 in
731 2570 966 2644 mundo,
1018 2571 1196 2628 etiam
1235 2569 1370 2627 illas
1407 2566 1612 2644 legere
1642 2569 1810 2643 potui
1837 2565 2125 2639 similiter,
2176 2566 2438 2636 sednon

328 2670 501 2729 licuit
559 2670 734 2747 plura
790 2671 926 2729 inde
988 2670 1229 2727 haurire
1291 2687 1466 2746 quam
1534 2686 1716 2726 unum
1773 2666 2104 2726 alterumve
2164 2683 2405 2726 sensum
2421 2688 2437 2740 3

330 2788 519 2830 causa
561 2778 714 2846 erat,
768 2774 908 2846 quia
944 2788 1061 2828 non
1103 2787 1176 2828 ex
1212 2769 1431 2828 Divino
1480 2767 1702 2828 Ordine
1752 2774 1847 2827 est
1889 2785 2001 2844 per
2034 2770 2261 2844 scripta
2296 2785 2436 2827 eru-

331 2872 445 2931 diri
482 2889 514 2942 e
553 2871 749 2945 coelo,
813 2872 923 2930 sed
959 2889 1071 2948 per
1108 2870 1404 2946 Verbum,
1472 2872 1751 2945 quoniam
1795 2886 1906 2945 per
1938 2868 2051 2928 hoc
2101 2869 2295 2928 solum
2347 2876 2440 2927 est

336 2974 793 3033 communicatio
851 2979 911 3031 et
960 2972 1294 3048 conjunctio
1346 2971 1502 3032 coeli
1550 2988 1685 3030 cum
1745 2969 1997 3045 mundo,
2065 2972 2150 3029 ita
2198 2971 2442 3029 Domini

286 3139 289 3142 Α
332 3091 471 3133 cum
521 3072 778 3131 homine.
846 3072 1021 3148 Quod
1060 3071 1317 3132 Chartae
1367 3074 1427 3130 in
1471 3072 1657 3132 Coelo
1705 3073 1966 3147 scriptae
2018 3073 2198 3144 etiam
2244 3087 2437 3147 appa-

328 3176 559 3233 ruerint
586 3172 938 3249 Prophetis,
987 3180 1220 3232 constat
1256 3172 1418 3250 apud
1453 3172 1851 3247 Ezechielem,
1931 3169 2141 3246 „Cum
2190 3170 2437 3251 aspice-

328 3292 493 3350 rem,
548 3292 679 3334 ecce
710 3291 942 3334 manus
977 3292 1020 3332 a
1054 3273 1295 3352 spiritu
1343 3273 1583 3334 emissa
1617 3272 1707 3333 ad
1739 3291 1863 3348 me,
1925 3277 1985 3332 et
2025 3272 2096 3332 in
2142 3290 2217 3331 ea
2259 3268 2440 3331 volu-
2493 3343 2502 3352 1

330 3392 473 3435 men
522 3372 700 3451 libri,
771 3372 939 3454 quod
987 3371 1335 3453 emplicam‘t
1374 3374 1446 3435 in
1482 3378 1814 3453 conspectu
1846 3390 1980 3433 meo
1994 3391 2021 3444 ;
2090 3376 2227 3433 erat
2274 3369 2437 3429 8οη·-

486 3607 608 3673 (xx)
683 3605 846 3671 Quod
899 3623 1018 3659 non
1072 3604 1246 3657 hodie
1311 3604 1523 3657 dentur
1574 3602 1941 3656 obsessiones
2010 3611 2277 3655 externae
2341 3618 2441 3655 seu

334 3683 625 3754 corporis,
668 3692 733 3735 ut
775 3682 935 3745 olim,
978 3696 1045 3733 n:
1092 3688 1258 3741 1983.
1331 3679 1448 3734 Sed
1488 3678 1646 3751 quod
1686 3677 1860 3731 hodie
1902 3678 2115 3731 dentur
2154 3677 2440 3731 obsessio·

332 3774 436 3811 nes
490 3758 783 3823 internae,
846 3774 993 3829 quae
1036 3757 1275 3820 mentis»,
1334 3756 1462 3826 plus
1504 3772 1674 3827 quam
1718 3754 1889 3815 olim,
1945 3772 2014 3805 ne
2062 3761 2227 3814 1983.
2271 3761 2439 3815 4793.

334 3831 503 3897 Quod
544 3837 717 3888 homo
759 3834 1030 3886 obsessus
1072 3833 1145 3885 sit
1188 3832 1450 3894 interim,
1494 3849 1621 3884 cum
1660 3846 1896 3901 spurcas
1932 3830 2313 3901 cogitationes
2345 3829 2440 3883 ha-

330 3910 464 3973 bet,
522 3922 578 3963 et
621 3903 982 3963 scandalosas
1037 3908 1108 3961 de
1152 3909 1305 3971 Dee,
1361 3918 1418 3959 et
1458 3906 1530 3959 de
1579 3907 1878 3978 proxim0‚
1943 3917 1999 3960 et
2040 3925 2168 3959 cum
2210 3906 2281 3959 ab
2325 3906 2441 3959 illis

331 3986 708 4057 propalandis
756 3987 939 4039 solum
997 3984 1289 4037 detinetur
1342 4001 1448 4055 per
1500 3983 1734 4036 vincula
1788 3992 2054 4047 externa,
2110 4000 2257 4055 quae
2310 3993 2444 4036 sunt

330 4061 513 4114 timor
538 4063 795 4131 jacturae
825 4062 1028 4123 famae,
1074 4058 1335 4147 honoris,
1380 4059 1550 4124 lucri,
1595 4059 1758 4131 legis,
1801 4059 1974 4124 vitae,
2017 4077 2084 4112 n:
2129 4066 2295 4119 5990.
2356 4059 2439 4112 De

331 4136 638 4208 spiritibus
678 4137 984 4192 diabolicis
1026 4136 1124 4207 qui
1175 4136 1485 4207 praecipue
1534 4135 1806 4190 obsident
1845 4135 2127 4190 interiora
2169 4134 2439 4197 hominis,

329 4230 400 4267 ιι.
444 4220 614 4274 4793.
687 4218 772 4267 De
815 4212 1119 4285 spiritibus
1172 4211 1478 4265 diabolicis
1521 4212 1621 4283 qui
1675 4212 1919 4283 cupiunt
1970 4211 2242 4264 obsidere
2290 4220 2439 4266 exte·

331 4289 495 4343 riora
536 4290 818 4356 hominiS,
861 4287 1018 4361 quod
1060 4287 1237 4341 clausi
1282 4289 1395 4342 sint
1435 4288 1494 4340 in
1538 4287 1811 4352 infernis,
1868 4305 1935 4340 n:
1982 4294 2150 4347 2752.
2197 4282 2360 4346 5990‘.
