3013 5114
600 425 696 478 DE
738 393 1092 479 mvmeu's
1135 424 1228 478 ET
1270 424 1710 481 PAUPERIBUS
1755 425 1828 480 IN
1864 427 2117 485 coELO.
2337 441 2445 491 ‘213

488 588 649 646 362.
709 584 1024 645 Contraria
1058 590 1261 645 autem
1305 601 1438 644 sors
1476 584 1724 645 divitum
1775 593 1897 657 est,
1953 590 2056 664 qui
2089 604 2208 648 non
2248 591 2444 650 credi-

330 689 546 748 derunt
584 687 905 756 Divinum,
962 691 1022 744 et
1058 684 1161 763 illa
1198 703 1353 762 quae
1394 685 1564 745 Coeli
1600 688 1660 745 et
1693 687 2005 749 Ecclesiae
2032 694 2171 747 sunt
2205 688 2282 748 ab
2319 694 2447 750 ani-

326 807 423 849 mo
458 788 827 865 rejecerunt,
881 785 968 845 illi
1015 787 1076 843 in
1113 785 1354 845 Inserno
1392 792 1565 861 sunt,
1623 785 1725 844 ubi
1760 789 2003 858 sordes,
2041 791 2349 866 miseriae,
2389 799 2449 850 et

332 895 606 967 egestas3
661 891 720 946 in
769 887 916 946 talia
963 880 1279 946 veriuntur
1327 886 1568 945 divitiae
1624 904 1779 964 quae
1826 896 2100 950 amantur
2139 907 2250 967 pro
2297 890 2446 968 fine3

331 1008 444 1050 nec
500 989 673 1048 modo
733 989 1007 1058 divitiae,
1078 987 1188 1046 sed
1236 989 1413 1046 etiam
1468 989 1588 1064 ipsi
1638 1004 1785 1046 usus
1801 1008 1817 1065 3
1887 992 1990 1066 qui
2042 997 2187 1063 sunt
2240 991 2341 1051 vel
2385 999 2452 1051 ut

331 1092 540 1149 vivant
582 1091 784 1166 genic,
843 1095 902 1148 et-
936 1087 1288 1164 indulgeant
1324 1087 1763 1164 voluptatibuS,
1820 1096 2005 1166 utque
2051 1090 2450 1152 abundantius

336 1198 398 1250 et
431 1190 677 1249 liberius
714 1191 950 1266 possint
992 1190 1251 1247 animum
1282 1187 1523 1263 flagitiis
1561 1189 1735 1263 dare,
1775 1189 1872 1248 vel
1910 1198 1976 1248 ut
2014 1191 2317 1251 'emineant
2341 1209 2448 1261 su-

333 1298 452 1370 per·
484 1291 638 1350 alios
673 1307 825 1367 quos
868 1294 1283 1349 contemnunt:
1337 1287 1477 1346 illae
1529 1289 1798 1359 divitiae,
1853 1296 1912 1349 et
1948 1291 2037 1349 illi
2072 1308 2254 1368 usus,
2312 1295 2453 1370 quia

331 1392 480 1451 nihil
516 1392 831 1468 spirituale
868 1394 929 1450 in
965 1407 1033 1448 se
1068 1389 1321 1461 habent,
1362 1389 1471 1447 sed
1506 1395 1822 1463 terrestre,
1877 1392 2235 1451 sordescunt
2247 1413 2263 1469 5
2319 1396 2450 1471 spi-

331 1493 548 1553 rituale
589 1495 742 1551 enim
790 1495 851 1550 in
905 1491 1128 1550 divitiis
1179 1495 1240 1549 et
1290 1505 1494 1549 earum
1531 1490 1742 1549 usibus
1755 1535 1772 1564 ,
1843 1497 1936 1552 est
1971 1494 2126 1550 sicut
2161 1494 2357 1551 anima
2391 1496 2453 1573 in

336 1611 618 1668 corpore,
676 1600 736 1652 et
770 1595 924 1651 sicut
962 1591 1064 1648 lux
1114 1589 1267 1649 coeli
1311 1592 1372 1648 in
1406 1590 1653 1649 humida
1694 1590 1908 1668 hu1n03
1963 1600 2023 1651 et
2060 1610 2296 1670 quoque
2333 1612 2450 1671 pu-

335 1698 610 1752 trescunt
651 1695 807 1751 sicut
842 1707 1060 1768 corpus
1110 1691 1339 1766 absque
1381 1693 1608 1765 anima,
1666 1699 1726 1750 et
1764 1694 1919 1752 sicut
1952 1692 2197 1752 humida
2234 1694 2452 1753 humus

337 1794 569 1868 absque
618 1792 756 1852 luce
812 1794 993 1851 coeli:
1062 1792 1124 1851 hi
1173 1798 1313 1850 sunt
1362 1807 1511 1869 quos
1567 1791 1808 1853 divitiae
1853 1793 2250 1869 seduxerunt,
2309 1802 2369 1854 et
2420 1813 2453 1853 e

339 1893 509 1952 coelo
547 1893 947 1952 detraxerunt.
1199 1900 1203 1907 '
2004 1894 2005 1897 ’

500 1995 661 2054 363.
730 1995 1199 2070 Unumquemvis
1246 1993 1548 2052 hominem
1594 2002 1798 2053 manet
1832 2000 1974 2071 post
2021 2001 2272 2054 mortem
2321 1995 2453 2072 ejus

281 2092 284 2095 ’
344 2095 579 2154 affectio
615 2111 725 2152 seu
764 2112 929 2153 amor
968 2096 1305 2168 dominanS,
1344 2093 1446 2152 ille
1484 2111 1601 2152 non
1639 2098 2003 2171 exstirpatur
2040 2098 2097 2153 in
2127 2101 2456 2168 aeternum,

342 2197 624 2273 quoniam
659 2194 913 2261 hominis
943 2199 1191 2271 spiritus
1221 2210 1467 2271 prorsus
1497 2200 1590 2253 est
1619 2196 1774 2254 sicut
1813 2196 1942 2273 ejus
1981 2214 2163 2272 amor,
2213 2202 2273 2256 et
2299 2197 2458 2272 quod

340 2314 621 2355 arcanum
665 2304 787 2371 est,
843 2297 1108 2374 cujusvis
1151 2298 1396 2373 spiritus
1436 2302 1494 2353 et
1523 2295 1721 2371 angeli
1748 2313 1965 2373 corpus
2009 2306 2102 2355 est
2128 2298 2257 2374 ejus
2285 2314 2454 2357 amo-

339 2399 420 2469 ris
458 2397 649 2455 forma
686 2403 937 2455 externa
972 2413 1219 2474 prorsus
1248 2394 1723 2471 correspondens
1742 2398 1976 2455 ‘formae
2008 2399 2274 2456 internae
2303 2415 2459 2474 quae

339 2503 433 2559 est
469 2499 600 2576 ejus
640 2500 820 2555 animi
880 2504 942 2555 et
993 2499 1237 2569 mentis,
1301 2496 1437 2554 inde
1477 2501 1570 2554 est
1623 2497 1781 2573 quod
1833 2498 2080 2574 spiritus
2136 2502 2457 2556 noscantur

342 2599 554 2675 quales
594 2606 735 2662 sunt
782 2617 854 2657 ex
895 2600 1079 2671 facie,
1138 2617 1212 2655 ex
1255 2597 1558 2674 gestibus,
1603 2603 1662 2655 et
1699 2616 1773 2656 ex
1811 2597 2079 2673 loquela,
2127 2591 2187 2657 et
2223 2614 2462 2674 quoque

339 2706 691 2758 nosceretur
729 2699 904 2757 homo
958 2698 1156 2774 quoad
1204 2700 1476 2773 spiritum
1529 2714 1704 2754 suum
1747 2698 1886 2756 dum
1930 2700 2078 2755 vivit
2122 2701 2183 2754 in
2218 2697 2456 2770 mund0,

341 2803 392 2859 si
448 2817 565 2858 non
603 2798 910 2858 didicisset
957 2800 1146 2872 facie,
1204 2805 1412 2874 gestu,
1480 2807 1542 2856 et
1571 2798 1825 2874 loquela.
1865 2800 2099 2857 mentiri
2145 2817 2265 2856 non
2312 2815 2456 2856 sua:

341 2900 479 2958 inde
517 2906 792 2958 constare
829 2906 1061 2976 potest,
1120 2899 1278 2974 quod
1314 2898 1489 2955 homo
1538 2900 1597 2957 in
1635 2907 1942 2957 aeternum
1982 2906 2247 2973 maneat,
2306 2917 2459 2974 qua-

339 2999 415 3058 lis
473 3006 565 3057 est
610 3000 744 3076 ejus
789 3000 1024 3059 affectio
1074 3016 1187 3058 seu
1234 3016 1401 3057 amor
1449 2998 1929 3074 praedominans,
2016 3000 2210 3076 Loqui
2258 3000 2465 3058 datum

344 3105 438 3159 est
492 3115 625 3158 cum
674 3100 1007 3181 aliquibuS,
1072 3101 1175 3175 qui
1228 3101 1509 3160 vixerunt
1548 3105 1686 3159 ante
1735 3091 2143 3176 septendecim
2196 3099 2462 3169 saecula,

344 3218 595 3278 quorum
638 3202 762 3259 vita
798 3218 871 3259 ex
914 3202 1156 3275 scriptis
1195 3215 1265 3258 eo
1308 3205 1580 3276 tempore
1625 3206 1766 3258 nota
1807 3207 1929 3272 cst,
1987 3208 2045 3259 et
2092 3207 2462 3277 compertum

345 3301 510 3378 quod
545 3300 739 3359 adhuc
771 3302 925 3359 ferat
950 3300 1087 3358 illos
1124 3317 1293 3357 amor
1328 3315 1474 3357 suus
1513 3302 1619 3375 qui
1652 3307 1794 3359 ωηο
1829 3302 1956 3359 fuit.
2040 3283 2190 3359 Inde
2226 3317 2463 3375 quoque

342 3407 618 3460 constare
659 3407 896 3476 potest,
948 3400 1107 3475 quod
1150 3416 1314 3457 amor
1352 3399 1691 3458 divitiarum
1741 3401 1811 3458 ac
1860 3417 2077 3458 usuum
2128 3417 2201 3457 ex
2243 3399 2465 3457 divitiis

344 3507 586 3560 mancat
624 3503 1083 3577 unumquemvis
1130 3502 1190 3557 in
1229 3497 1568 3569 aeternum,
1605 3506 1665 3558 et
1700 3517 1946 3576 prorsus
1984 3499 2120 3557 talis
2156 3501 2236 3556 sit
2271 3497 2465 3574 qualis

350 3606 731 3675 comparatus
783 3609 873 3657 est
920 3603 981 3657 in
1032 3599 1280 3674 mund03
1338 3617 1475 3658 cum
1531 3616 1604 3658 ea
1650 3607 1851 3658 tamen
1889 3598 2254 3668 differentia,
2307 3598 2467 3674 quod

346 3699 592 3757 divitiae
629 3698 793 3775 apud
827 3699 966 3757 illos
1005 3700 1216 3775 quibus
1254 3702 1694 3758 inserviverant
1721 3717 1832 3782 pro
1867 3698 2037 3757 bonis
2074 3699 2284 3757 usibus
2323 3717 2465 3759 ver-

344 3806 551 3859 tantur
585 3800 647 3856 in
674 3799 1083 3876 jucunditates
1121 3799 1449 3858 secundum
1493 3815 1670 3868 usne,
1727 3806 1786 3857 et
1823 3795 1982 3875 quo‘d
2029 3800 2270 3858 divitiae
2306 3800 2470 3878 apud

341 3901 482 3959 illos
534 3900 752 3976 quibus
798 3902 1235 3959 inserviverant
1275 3917 1384 3975 pro
1436 3899 1611 3957 malis
1649 3899 1856 3958 usibus
1891 3907 2202 3958 vertantur
2238 3902 2296 3957 in
2333 3917 2466 3960 sor-

349 3999 487 4073 des,
561 3999 778 4076 quibus
833 4002 1011 4059 etiam
1062 4007 1204 4058 tunc
1259 3999 1635 4058 delectantur
1698 4001 1966 4060 similiter
2013 4007 2079 4059 ut
2129 4003 2191 4058 in
2250 4002 2470 4060 mundo

341 4097 572 4168 ¹divitiis
607 4107 856 4176 propter
908 4100 1098 4158 malos
1139 4117 1320 4157 usus:
1393 4099 1552 4175 quod
1589 4108 1729 4160 tunc
1767 4101 2137 4161 delectentur
2173 4102 2473 4169 sordibuS‚

351 4206 447 4256 est
483 4201 622 4274 quia
657 4216 915 4275 spurcae
951 4201 1294 4275 voluptates
1341 4208 1405 4258 et
1446 4200 1702 4275 flagitia,
1760 4221 1915 4277 quae
1951 4202 2193 4260 fuerunt
2222 4217 2363 4258 usus
2399 4219 2474 4258 ex

346 4298 466 4357 illis
481 4344 497 4374 ,
558 4307 614 4359 et.
653 4287 902 4390 quoque:
931 4303 1214 4373 avaritia,
1274 4318 1426 4376 quac
1487 4309 1575 4359 est
1637 4319 1800 4360 amor
1853 4302 2189 4361 divitiarum
2245 4300 2473 4375 absque
