3013 5114
503 395 678 493 VITA
719 393 912 464 QUAE
953 396 1170 453 DUCIT
1209 399 1311 453 AD
1347 397 1640 455 COELUM
1678 398 1825 453 NON
1872 398 2254 455 DIFFICILIS.
2357 412 2465 464 327

348 560 584 636 piorum
620 558 904 618 librorum
920 578 947 636 3·
975 558 1132 619 haec
1156 564 1378 638 putant
1398 576 1546 639 §esse
1584 559 1863 620 abdicare
1897 560 2181 620 mundum
2202 606 2218 636 ‚
2276 579 2346 621 ac
2372 566 2465 629 vi-

345 676 490 720 vere
527 660 745 736 spiritu
782 666 845 718 et
881 677 998 719 non
1025 677 1238 720 carne:
1277 659 1388 720 sed
1426 659 1587 737 quod
1624 678 1725 721 res
1765 676 2014 738 prorsus
2042 678 2109 720 se
2148 661 2322 721 aliter
2351 663 2464 722 ha·
2530 696 2541 707 ·

346 760 508 832 beat,
542 777 579 818 a
605 759 794 819 multa
824 763 1214 837 experientia,
1242 767 1307 820 et
1337 778 1409 819 ex
1435 761 1876 837 colloquutione
1898 780 2029 822 cum
2049 758 2321 841 AngeIiS,
2349 766 2469 823 sci-

346 878 414 920 re
441 861 649 920 datum
675 867 805 938 est13
843 862 965 920 imo
990 860 1151 938 quod
1182 863 1285 938 qui
1312 860 1595 923 abdicant
1620 862 1903 921 mundum
1934 858 2226 922 et'vivunt
2249 865 2469 943 spiritu

350 976 424 1021 eo
453 961 659 1034 modo,
696 968 1044 1038 comparent
1071 962 1184 1021 sibi
1224 965 1409 1021 vitam
1445 965 1709 1038 triaem,
1747 946 1902 1040 quae
1943 978 2060 1023 non
2097 963 2466 1041 receptibilis

348 1068 445 1122 est
479 1062 682 1140 gaudii
711 1062 1011 1133 coelestis,
1051 1080 1191 1121 nam
1225 1065 1684 1139 unumquemvis
1720 1080 1835 1124 sua
1861 1065 1983 1123 vita
2012 1070 2231 1141 manet3
2268 1065 2377 1124 sed
2404 1072 2470 1125 ut

346 1165 525 1223 homo
548 1166 734 1227 vitam
774 1164 928 1222 coeli
955 1166 1224 1240 recipiat,
1265 1164 1425 1240 quod
1461 1166 1704 1229 omnino
1731 1167 1999 1224 victurus
2027 1167 2190 1224 sitin
2226 1166 2465 1240 mund0,

345 1268 505 1325 acin
541 1264 750 1323 officiis
779 1271 838 1337 et
872 1267 1126 1341 negotiis
1161 1265 1261 1341 ibi,
1295 1272 1357 1324 et
1383 1265 1544 1342 quod
1573 1273 1711 1325 tunc
1736 1283 1848 1342 per
1873 1268 2057 1324 vitam
2091 1264 2379 1325 moralem
2409 1275 2469 1326 et

349 1366 583 1426 civilem
612 1367 866 1441 recipiat
890 1366 1299 1442 spiritualem,
1349 1372 1408 1425 et
1441 1365 1601 1442 quod
1631 1385 1749 1426 non
1781 1367 1954 1425 aliter
1980 1368 2107 1426 vita
2137 1367 2466 1443 spiritualis

348 1467 512 1545 apud
537 1467 835 1525 hominem
875 1469 1069 1543 possit
1105 1467 1376 1537 formari,
1412 1484 1522 1526 seu
1559 1470 1812 1544 spiritus
1847 1469 2357 1545 ejus-praeparari
2392 1467 2471 1527 ad

349 1568 611 1644 coelum3
666 1585 804 1629 nam
842 1569 1043 1627 vivere
1080 1570 1376 1626 internam
1423 1570 1609 1627 vitam
1660 1576 1719 1627 et
1765 1586 1883 1629 non
1920 1569 2096 1628 simul
2140 1574 2467 1644 externam,

350 1676 445 1728 est
484 1670 642 1727 sicut
677 1667 948 1731 habitare
984 1672 1044 1727 in
1080 1668 1283 1743 dome,
1341 1671 1439 1728 cui
1473 1687 1591 1727 non
1643 1676 1736 1728 est
1780 1670 2262 1741 fundamentum,
2315 1686 2469 1746 quae

349 1772 695 1830 successive
745 1769 846 1829 vel
893 1769 1178 1842 subsidit,
1230 1768 1329 1828 vel
1374 1772 1557 1827 rimas
1608 1769 1771 1828 ducit
1825 1775 1888 1828 et
1940 1771 2097 1843 hiat,
2152 1770 2251 1829 vel
2299 1777 2471 1835 nutat

349 1884 541 1946 usque
583 1871 720 1928 dum
759 1869 1057 1930 dilabitur.

448 2015 454 2020 ·
509 1972 667 2031 529.
727 1971 788 2030 Si
826 1970 953 2030 vita
985 1972 1240 2031 hominis
1282 1988 1391 2047 per
1418 1972 1794 2029 intuitionem
1835 1970 2190 2037 rationalem
2228 1976 2471 2046 specta·

347 2079 474 2144 tur,
527 2078 588 2131 et
624 2071 1006 2149 exploratur,
1055 2074 1419 2150 comperitur
1467 2070 1628 2148 quod
1677 2073 1756 2130 sit
1794 2071 2044 2149 triplex,
2094 2088 2310 2147 nempe
2348 2072 2473 2130 vita

345 2161 726 2251 spiritualis,
760 2175 889 2231 vita
923 2174 1166 2233 moralis
1180 2219 1198 2250 ,
1267 2191 1337 2232 ac
1388 2175 1511 2231 vita
1547 2171 1769 2247 civilis,
1829 2178 1889 2231 et
1931 2172 2091 2248 quod
2125 2171 2266 2230 illae
2309 2173 2470 2231 vitae

345 2277 463 2333 sint
498 2274 846 2350 distinctae3
903 2293 1037 2337 nam
1076 2282 1216 2334 sunt
1261 2275 1534 2333 homines
1582 2275 1680 2350 qui
1729 2264 1940 2333 vivunt
1983 2275 2167 2332 vitam
2214 2272 2469 2349 civilem,

342 2381 407 2434 et
458 2393 575 2433 non
629 2381 828 2433 tamen
872 2375 1158 2437 moralem
1202 2382 1263 2435 et
1306 2373 1731 2450 ‚spiritualem3
1803 2380 1863 2433 et
1914 2356 2052 2432 sunt
2114 2376 2217 2449 qui
2263 2375 2474 2432 vivunt

347 2475 636 2533 moralem
693 2479 754 2533 et
794 2491 986 2550 usque
1027 2492 1145 2532 non
1191 2473 1595 2550 spiritualem3
1653 2479 1714 2531 et
1751 2480 1902 2531 sunt
1953 2475 2054 2548 qui
2101 2475 2309 2531 vivunt
2348 2479 2473 2531 tam

347 2577 531 2655 vitam
572 2575 842 2643 civilem,
897 2592 1075 2651 quam
1111 2575 1430 2647 moralem,
1472 2581 1534 2633 et
1574 2572 1750 2658 simul
1780 2572 2185 2649 spiritualem3
2236 2572 2301 2632 hi
2334 2579 2474 2634 sunt

348 2679 451 2752 qui
496 2678 679 2733 vitam
717 2675 872 2734 coeli
909 2681 1123 2751 agunt,
1179 2674 1267 2733 illi
1301 2654 1498 2732 affltem
1539 2676 1638 2749 qui
1671 2654 1852 2731 vitam
1891 2673 2096 2740 mundi
2131 2659 2497 2749 separatanr

342 2795 383 2835 a
424 2779 546 2834 vita
591 2776 758 2836 coeli.
842 2776 932 2833 Ex
975 2775 1070 2833 his
1107 2778 1361 2853 primum
1401 2780 1677 2833 constare
1695 2774 1952 2850 potest
1992 2773 2151 2850 quod
2186 2777 2309 2833 vita
2343 2776 2473 2851 spi-

317 2878 574 2936 ritualis
608 2893 728 2935 non
766 2879 844 2942 sit
877 2886 1161 2952 separata
1189 2894 1225 2934 a
1266 2879 1390 2933 vita
1424 2875 1685 2932 naturali
1720 2891 1828 2933 seu
1865 2894 1903 2933 a
1936 2878 2060 2934 vita
2096 2874 2317 2946 mundi,
2362 2875 2472 2932 sed

344 2978 504 3055 quod
539 2978 644 3040 illa
677 2980 756 3037 sit
793 2978 1112 3055 conjuncta
1147 2995 1280 3035 cum
1317 2976 1431 3036 hac
1462 2978 1617 3035 sicut
1654 2977 1850 3036 anima
1877 2994 2010 3035 cum
2048 2992 2160 3034 suo
2196 2992 2469 3052 corpore,

345 3085 405 3138 et
430 3082 482 3138 si
502 3086 888 3156 separaretur
916 3079 1072 3153 quod
1103 3079 1257 3137 foret
1285 3080 1441 3135 sicut
1464 3077 1752 3135 habitatio
1777 3079 1837 3135 in
1856 3078 2031 3137 domo
2059 3078 2156 3135 cui
2178 3093 2297 3135 non
2328 3077 2466 3136 sun-

343 3182 702 3254 (lamentum,
730 3179 1009 3256 utsupra
1037 3179 1258 3239 dictum
1288 3185 1398 3237 est.
1440 3178 1584 3236 Vita
1609 3180 1764 3237 enim
1794 3179 2036 3238 moralis
2070 3184 2130 3237 et
2157 3177 2347 3238 civilis
2376 3185 2471 3235 est

345 3284 604 3340 activum
630 3273 804 3340 vvitae
847 3267 1208 3357 spiritualis3
1248 3297 1384 3337 nam
1422 3281 1582 3338 vitae
1619 3280 1949 3355 spiritualis
1988 3285 2082 3337 est
2106 3277 2265 3336 velle
2294 3277 2467 3350 bene,

346 3384 407 3441 et
443 3385 615 3441 vitae-
652 3382 893 3440 moralis
928 3389 999 3440 et
1033 3381 1224 3440 civilis
1264 3387 1358 3439 est
1405 3396 1588 3455 agere
1634 3377 1822 3448 bene,
1885 3381 1938 3438 si
1989 3363 2107 3436 hoc
2152 3382 2472 3453 separatur

345 3481 421 3539 ab
457 3482 592 3557 illo,
646 3485 923 3541 consistit
956 3484 1079 3540 vita
1127 3480 1457 3559 spiritualis
1508 3478 1704 3538 solum
1743 3481 1801 3538 in
1850 3479 2211 3554 cogitatione
2260 3483 2318 3535 et
2371 3475 2470 3535 lo-

349 3582 561 3657 quela,
619 3598 690 3640 ac
738 3582 965 3640 recedit
1001 3583 1316 3655 voluntas»,
1373 3581 1516 3654 quia
1564 3579 1619 3636 ei
1667 3596 1785 3636 non
1832 3578 2117 3654 fulcrum3
2174 3583 2235 3636 et
2269 3583 2470 3636 tamen

342 3682 621 3741 voluntas
668 3687 761 3740 est
795 3683 996 3757 ipsum
1033 3680 1347 3757 spirituale
1390 3677 1665 3744 hominis.
2221 3689 2225 3693 *

504 3784 663 3843 530.
731 3767 908 3857 Quod
957 3799 1076 3839 non
1116 3788 1239 3839 tam
1284 3779 1523 3839 difficile
1562 3780 1639 3836 sit
1673 3796 1853 3855 agere
1895 3779 2076 3838 vitam
2115 3795 2270 3855 quae
2310 3777 2473 3838 ducit

345 3886 425 3944 ad
461 3883 729 3957 coelum,
799 3884 956 3941 sicut
1012 3881 1300 3956 creditur,
1372 3899 1448 3940 ex
1492 3879 1585 3939 his
1629 3896 1787 3939 nunc
1840 3880 2231 3956 sequentibus
2281 3879 2471 3939 videri

342 3991 565 4064 potest.
624 3979 779 4060 Quis
807 4001 926 4042 non
964 3982 1202 4044 civilem
1240 3989 1300 4040 et
1334 3981 1622 4041 moralem
1648 3983 1830 4040 vitam
1859 3988 2061 4058 potest
2095 3998 2293 4058 agere,
2331 3997 2472 4039 nam

344 4081 600 4163 quisque
649 4085 725 4144 ab
773 4086 1030 4143 infantia
1076 4086 1340 4142 initiatur
1380 4085 1440 4141 in
1494 4082 1690 4159 illam,
1760 4090 1820 4142 et
1859 4100 1935 4141 ex
1981 4085 2107 4141 vita
2150 4084 2212 4140 in
2248 4078 2468 4139 mundo

346 4188 463 4245 scit
507 4185 703 4262 illamj
760 4189 1014 4262 quisque
1068 4189 1246 4245 etiam
1280 4187 1406 4262 agit
1440 4184 1637 4259 illam,
1688 4195 1881 4261 aeque
1918 4183 2112 4242 malus
2149 4199 2219 4240 ac
2254 4181 2467 4252 bonuS‚
2533 4190 2539 4200 ’

342 4304 479 4346 nam
510 4282 652 4363 ‘quis
689 4303 804 4346 non
842 4290 1113 4347 sincerus
1165 4286 1293 4345 vult
1335 4286 1481 4363 dici,
1557 4291 1614 4345 et
1653 4288 1786 4362 quis
1828 4302 1942 4344 non
1985 4285 2216 4361 justus;
2273 4295 2469 4358 paene
