3013 5114
578 406 688 469 3ῧὺ
1188 407 1282 458 DE
1326 404 1566 458 COELO
1610 402 1700 456 ET
1745 400 2076 456 INFERNO.

573 571 723 628 tium
744 566 1035 649 ‘videatur
1090 564 1309 623 Matth:
1349 564 1532 623 VIII:
1588 566 1698 622 12.
1775 561 1933 638 Cap:
1973 560 2166 620 XIII:
2211 562 2327 618 42.
2376 562 2485 620 50.
2543 560 2716 639 capt

576 667 784 729 XXII:
825 668 932 725 13.
974 663 1122 742 Cap:
1153 664 1389 724 XXIV:
1438 666 1549 723 51.
1591 662 1741 740 Cap:
1779 662 1999 722 XXV:
2044 663 2157 721 30.
2192 661 2339 721 Luc:
2380 658 2549 721 XIII:
2592 666 2710 721 28·

575 837 699 904 De
753 831 1117 913 Malitia
1174 849 1257 902 et
1306 831 1676 902 Artibus
1731 829 2162 900 nefandis
2223 829 2712 927 Spirituum

1328 931 1940 1002 infernalium.

740 1069 902 1127 576.
980 1066 1191 1143 Qualis
1240 1065 1598 1125 excellentia
1644 1065 1973 1142 Spirituum
2023 1071 2115 1124 est
2162 1081 2312 1140 prae
2348 1064 2711 1123 hominibus,

584 1171 839 1246 quisque
883 1170 984 1244 qui
1033 1168 1282 1227 interius
1323 1170 1580 1242 cogitat,
1637 1172 1697 1224 ct
1739 1165 1965 1242 aliquid
2015 1166 2088 1223 de
2141 1164 2507 1242 Operatione
2557 1182 2713 1225 suae

586 1270 801 1328 mentis
853 1272 1051 1339 novit,
1106 1267 1312 1326 videre
1363 1275 1423 1325 ct
1469 1266 1978 1343 comprehendere
2025 1273 2256 1342 potest:
2323 1266 2501 1325 homo
2551 1268 2708 1325 enim

583 1375 785 1429 mente
824 1387 938 1428 sua
971 1369 1148 1445 plura
1187 1368 1344 1426 intra
1380 1371 1667 1426 minutum
1716 1374 1919 1443 potest
1956 1384 2229 1434 versare,
2283 1367 2590 1440 evolvere,
2649 1372 2712 1424 et

580 1469 979 1539 concludere,
1015 1486 1191 1543 quam
1228 1474 1429 1543 potest
1462 1452 1620 1525 intra
1655 1468 2040 1526 semihorium
2078 1469 2277 1543 eloqui
2315 1473 2377 1525 et
2406 1469 2708 1542 scriptura

579 1570 952 1645 exprimere,
1007 1567 1145 1625 inde
1200 1573 1395 1643 patet,
1453 1574 1743 1643 quantum
1800 1566 2056 1627 excellet
2104 1568 2314 1642 homo,
2371 1566 2607 1643 quando
2644 1568 2707 1624 in

577 1685 690 1728 suo
739 1669 960 1744 spiritu
997 1673 1120 1741 est,
1172 1668 1423 1744 proinde
1472 1673 1762 1744 quantum
1801 1687 1936 1728 cum
1972 1668 2040 1727 fit
2074 1670 2352 1745 spiritus,
2399 1685 2536 1725 nam
2572 1669 2706 1743 spi-

576 1771 731 1827 ritus
769 1774 864 1826 est
899 1770 999 1844 qui
1036 1770 1291 1844 cogitat,
1332 1776 1393 1827 et
1428 1785 1650 1844 corpus
1690 1776 1782 1828 est
1816 1788 1927 1845 per
1956 1769 2117 1853 quod
2144 1771 2391 1845 spiritus
2429 1769 2709 1843 exprimit

576 1886 692 1928 sua
730 1870 994 1945 cogitata
1028 1868 1329 1945 loquendo
1381 1875 1485 1928 aut
1528 1869 1862 1928 scribendo.
1947 1870 2095 1929 Inde
2133 1875 2254 1944 est,
2312 1868 2471 1944 quod
2504 1867 2707 1942 homo,

575 1973 680 2046 qui
718 1970 784 2028 fit
819 1969 1089 2045 Angelus
1131 1976 1273 2045 post
1305 1976 1588 2044 mortem,
1644 1972 1706 2028 in
1751 1970 2142 2047 intelligentia
2193 1976 2254 2028 et
2293 1970 2592 2045 sapientia
2627 1970 2709 2026 sit

573 2069 863 2129 ineffabili
896 2072 1255 2145 respective*
1278 2069 1354 2128 ad
1404 2069 1860 2146 intelligentiam
1897 2079 1957 2129 et
1992 2071 2352 2146 sapientiam
2395 2069 2529 2145 ejus
2567 2085 2705 2127 cum

574 2171 725 2227 vixit
759 2172 820 2226 in
858 2153 1110 2243 mundo,
1160 2172 1408 2244 spiritus
1446 2172 1600 2228 enim
1634 2171 1796 2247 ejus,
1835 2188 1970 2229 cum
2005 2173 2153 2228 vixit
2186 2172 2246 2227 in
2288 2169 2526 2241 mundo,
2568 2170 2708 2225 vin-

580 2274 712 2326 ctus
764 2268 876 2325 suit
912 2269 1182 2343 corpori,
1235 2275 1297 2327 et
1335 2286 1446 2344 per
1481 2269 1630 2326 illud
1664 2271 1775 2327 suit
1822 2273 1882 2328 in
1932 2272 2191 2329 naturali
2237 2270 2457 2327 mundo
2472 2290 2490 2344 ς
2546 2286 2701 2344 qua-

570 2372 821 2445 propter
864 2367 1025 2444 quod
1062 2372 1201 2428 tunc
1238 2369 1633 2445 spiritualiter
1669 2372 1987 2446 cogitavit,
2026 2371 2254 2430 influxit
2287 2372 2349 2428 in
2387 2370 2556 2429 ideas
2588 2386 2706 2427 na-

572 2467 838 2541 turaleS,
877 2485 1033 2545 quae
1069 2471 1409 2546 respective
1449 2485 1815 2542 communeS,
1854 2487 2095 2530 crassae
2133 2478 2193 2529 et
2224 2470 2516 2529 obscurae
2543 2476 2706 2543 sunt,

575 2586 647 2628 ac
706 2571 1049 2640 innumera,
1119 2588 1275 2646 quae
1329 2572 1659 2649 spiritualis
1717 2574 2094 2650 cogitat-ionis
2145 2579 2332 2647 sunt-,2
2371 2588 2491 2630 non
2543 2572 2705 2630 reci·

581 2672 789 2749 piunt,
831 2676 892 2727 et
927 2688 1165 2746 quoque
1202 2672 1515 2731 involvunt
1542 2671 1745 2731 densis
1786 2690 1940 2749 quae
1977 2679 2117 2732 sunt
2143 2690 2217 2731 ex
2253 2674 2413 2732 curis
2439 2674 2500 2732 in
2526 2689 2708 2729 mun-

583 2770 689 2828 do:
754 2769 929 2828 aliter
977 2787 1112 2829 cum
1161 2774 1409 2848 spiritus
1459 2773 1696 2832 solutus
1746 2780 1839 2832 est
1886 2791 1924 2832 a
1973 2790 2256 2850 corpore,
2313 2788 2384 2831 ac
2429 2774 2488 2830 in
2524 2788 2740 2832 suum*

580 2869 951 2945 spiritualem
981 2877 1204 2929 statum
1241 2874 1433 2944 venit,
1485 2872 1645 2949 quod
1682 2873 1774 2947 fit,
1831 2890 1964 2932 cum
1995 2892 2067 2933 ex
2097 2873 2352 2931 naturali
2389 2871 2607 2931 mundo
2640 2873 2706 2930 in

574 2969 987 3044 spiritualem,
1048 2975 1149 3046 qui
1194 2974 1250 3030 ei
1295 2961 1601 3049 proprius'
1629 2980 1752 3043 est,
1817 2977 2058 3050 transit3
2115 2974 2272 3049 quod
2322 2980 2461 3032 tunc
2506 2978 2706 3031 status

575 3068 708 3144 ejus
770 3068 973 3143 quoad
1030 3073 1423 3146 cogitationes
1487 3080 1548 3132 et
1599 3073 1943 3133 affectiones
2004 3078 2358 3134 immensum
2420 3072 2698 3146 excellat,

573 3185 724 3245 prae
763 3172 927 3226 statu
967 3168 1099 3245 ejus
1143 3172 1359 3245 priori,
1415 3188 1491 3229 ex
1519 3190 1676 3232 nunc
1713 3175 1887 3233 dictis
1922 3182 2123 3251 patet3
2164 3174 2321 3233 unde
2367 3180 2488 3247 est,
2541 3172 2704 3249 quod

571 3267 789 3346 Angeli
845 3271 1108 3345 cogitent
1160 3268 1485 3327 ineffabilia
1542 3279 1602 3330 et
1650 3276 2165 3351 inexpressibilia3
2238 3275 2486 3351 proinde
2533 3273 2701 3347 talia,

571 3388 726 3446 quae
763 3386 882 3428 non
929 3370 1153 3430 intrare
1192 3378 1453 3446 possunt
1501 3373 1563 3431 in
1615 3377 2008 3451 cogitationes
2057 3376 2364 3434 naturales
2410 3376 2665 3433 hominis
2681 3392 2700 3449 3

573 3488 709 3530 curn
754 3478 955 3531 tamen
992 3473 1408 3554 unusquisque
1439 3472 1712 3550 Angelus
1747 3482 1928 3534 natus
1966 3485 2061 3535 est
2095 3477 2308 3547 homo,
2363 3483 2425 3534 et
2463 3477 2702 3534 vixerat

566 3570 783 3643 homo,
836 3588 907 3630 ac
945 3579 1084 3631 tunc
1121 3572 1237 3632 sibi
1273 3590 1389 3631 non
1424 3574 1566 3651 plus
1607 3591 1823 3652 sapere
1862 3594 2041 3653 quam
2078 3578 2288 3637 similis
2325 3577 2483 3636 alius
2518 3575 2702 3634 homo

565 3674 730 3732 visus
774 3682 883 3732 est.

674 3777 679 3788 ‘
728 3773 885 3829 577.
941 3773 1011 3831 In
1052 3774 1157 3834 illo
1201 3747 1423 3851 gradu,
1477 3779 1537 3833 in
1576 3792 1694 3851 quo
1732 3781 1826 3835 est
1868 3778 2169 3853 sapientia
2205 3783 2266 3837 et
2305 3776 2703 3852 intelligentia

563 3980 652 4033 illi
697 3981 1221 4051 correspondeant‘
1253 3985 1529 4039 dentibus
1584 3987 1683 4059 qui
1739 4004 1898 4041 mere
1941 3987 2231 4041 sensuales
2273 3998 2436 4052 suut,
2502 3998 2559 4041 et
2599 3987 2702 4042 vix

562 4055 787 4127 aliquid
827 4055 973 4107 lucis
1003 4057 1322 4126 spiritualis
1352 4061 1586 4123 hahent,
1632 4079 1700 4115 n:
1748 4070 1919 4124 5565.
2002 4063 2169 4130 Quod
2199 4066 2355 4116 Dens
2397 4063 2455 4115 in
2489 4063 2698 4117 Verbo

571 4131 857 4200 significet
896 4132 1159 4184 sensuale
1202 4134 1357 4203 quod
1386 4135 1656 4186 ultimum
1696 4138 1851 4192 vitae
1892 4140 2162 4202 hominis),
2205 4156 2273 4191 n:
2319 4147 2488 4199 9052.
2528 4148 2702 4200 9062·

528 4206 733 4270 ·Quod
770 4207 990 4261 stridor
1030 4205 1288 4260 dentium
1344 4210 1403 4261 in
1454 4210 1638 4263 altera
1689 4213 1808 4265 vita
1861 4215 1935 4268 sit
1986 4234 2051 4269 ex
2094 4216 2239 4278 illis,
2305 4217 2403 4287 qui
2451 4215 2704 4270 credunt

563 4294 824 4338 naturam
870 4301 994 4338 esse
1036 4301 1237 4350 omne,
1283 4301 1345 4339 ac
1390 4284 1667 4339 Divinum
1708 4288 1872 4354 nihil,
1921 4308 1984 4343 n:
2032 4299 2198 4353 5568.
